1881 2985
241 249 260 275 2
265 250 309 283 30
594 239 835 275 AGAINST
873 240 1064 275 HARSH
1103 240 1425 283 JUDGMENTS

246 356 384 398 Unde
418 364 461 398 et
490 358 721 413 quandam
749 358 1021 399 suauitatem
1056 356 1206 398 future
1239 357 1383 399 leticie
1418 358 1631 414 intelligit
1664 359 1773 402 sibil
1817 370 1823 378 ¹

242 424 402 465 adesse
443 438 532 479 qua
573 425 619 465 in
658 438 739 478 spe
779 424 1084 472 confirmatur,
1139 432 1180 465 et
1232 432 1350 466 certa
1401 433 1467 467 est
1521 426 1577 467 de
1632 439 1776 481 regno

242 492 509 552 adepturo23
543 500 585 533 et
615 493 660 533 in
693 493 778 534 hac
809 492 903 533 uita
937 492 1124 534 Christo
1153 492 1231 533 dat
1261 493 1477 547 poculum
1509 493 1775 534 delectabile

242 560 478 601 conditum
499 574 553 601 ex
576 560 779 601 feruente
805 573 959 601 amore
985 567 1027 600 et
1054 560 1318 615 insignibus
1340 561 1567 602 donorum
1591 562 1774 615 spiritu-

241 627 383 668 alium
404 641 505 668 cum
526 627 716 668 floribus
735 627 969 675 uirtutum,
992 627 1115 682 quod
1135 627 1342 682 placatus
1361 627 1576 670 Christus
1595 628 1774 684 recepit,
1801 623 1810 632 ”

243 695 321 749 qui
348 708 432 749 pro
456 708 610 736 amore
637 695 689 735 de
716 699 910 736 torrente
934 695 983 736 in
1007 694 1084 736 uia
1109 693 1256 737 bibit.³

907 840 1019 884 CAP.
1043 854 1114 893 30.

243 930 333 985 (De
358 931 536 972 occulto
563 931 649 972 Dei
679 931 848 972 iudicio
874 932 919 971 in
947 931 1137 985 relapsis
1161 945 1241 986 per
1262 945 1346 973 nos
1370 945 1461 973 non
1490 931 1772 982 iudicandis;

499 1006 541 1039 et
579 998 710 1039 fortis
741 999 946 1039 inueccio
976 1006 1134 1039 contra
1169 999 1511 1054 adquisitores.)

297 1081 435 1136 [Sed4
462 1095 648 1136 querere
670 1082 817 1124 solent
843 1082 1029 1137 quidam
1051 1098 1060 1123 :
1095 1083 1329 1137 quomodo
1352 1091 1506 1138 posset
1532 1083 1628 1124 fieri
1651 1082 1774 1138 quod

244 1149 400 1203 plures
427 1150 505 1205 qui
531 1149 829 1202 asperrimam
858 1150 999 1191 uitam
1028 1150 1266 1199 duxerant,
1287 1158 1423 1206 atque
1452 1151 1591 1193 iscius
1613 1150 1775 1192 mundi

242 1219 412 1274 gaudia
446 1233 634 1273 prorsus
667 1219 921 1260 deseruisse
951 1219 1238 1267 uidebantur,
1268 1224 1426 1274 postea
1459 1220 1517 1260 ad
1548 1220 1774 1261 uomitum

243 1288 382 1329 relabi
413 1301 503 1328 non
539 1287 740 1336 timeant,
789 1295 831 1328 et
878 1288 1003 1329 bono
1048 1287 1138 1328 fine
1186 1301 1277 1329 non
1325 1295 1432 1329 sunt
1479 1287 1771 1328 terminandi.

242 1355 498 1396 Taceamus
528 1363 694 1396 temere
728 1355 942 1406 iudicare,
978 1355 1015 1397 si
1048 1355 1266 1396 uolumus
1295 1368 1386 1396 non
1414 1368 1578 1396 errare.
1667 1354 1774 1395 Non

242 1429 308 1463 est
349 1430 553 1463 nostrum
590 1423 769 1463 interim
805 1436 938 1464 nosse
977 1423 1152 1464 occulta
1194 1423 1279 1464 Dei
1320 1423 1502 1465 iudicia.
1604 1423 1775 1466 Omnia

240 1497 393 1530 autem
416 1490 804 1545 quemadmodum
826 1491 1023 1544 expedit,
1050 1499 1153 1545 post
1176 1491 1294 1532 hanc
1317 1492 1457 1532 uitam
1478 1499 1609 1532 erunt
1630 1491 1775 1532 mani-

111 1567 135 1600 f.
155 1567 219 1600 456
243 1555 370 1598 festa.
434 1556 609 1599 Omnes
634 1558 706 1598 uie
737 1557 926 1598 Domini
958 1558 1125 1599 iudicia
1154 1566 1261 1600 sunt
1292 1566 1334 1599 et
1365 1559 1574 1607 iocunda,
1605 1559 1775 1601 scilicet

244 1638 352 1666 uera
382 1632 423 1665 et
454 1625 573 1667 iusta
604 1639 685 1666 nec
716 1626 852 1667 istum
879 1626 1054 1681 absque
1084 1626 1198 1667 mira
1222 1627 1401 1668 iusticia
1434 1627 1658 1680 reprobat,
1694 1639 1777 1668 nec

244 1692 372 1733 illum
395 1693 493 1734 sine
516 1706 688 1747 magna
708 1693 1017 1734 misericordia
1039 1707 1126 1748 que
1147 1694 1289 1734 eciam
1313 1694 1432 1734 iusta
1453 1702 1532 1742 est,
1553 1694 1612 1735 ad
1632 1693 1775 1735 uitam

242 1760 456 1815 eligebat.
554 1760 754 1801 Proinde
787 1774 980 1814 pensare
1007 1761 1240 1808 debemus,
1277 1762 1400 1816 quod
1431 1762 1627 1815 abyssus
1658 1762 1775 1803 sicut

235 1828 561 1869 uestimentum
590 1826 783 1869 amictus
812 1828 947 1869 eius.⁵
1012 1828 1148 1869 Unde
1181 1836 1223 1868 et
1252 1828 1506 1869 timendum
1543 1827 1677 1869 nobis
1708 1836 1776 1869 est

243 1897 353 1938 dum
388 1898 434 1937 in
467 1897 542 1937 uia
573 1910 746 1945 sumus,
778 1904 820 1937 et
852 1897 1030 1937 incaute
1064 1909 1355 1951 nequaquam
1388 1895 1773 1950 presumendum3

244 1965 352 2019 quia
376 1965 519 2006 nescit
540 1964 680 2005 homo
706 1972 856 2005 utrum
878 1964 987 2005 odio
1009 1965 1081 2005 uel
1107 1977 1261 2005 amore
1285 1964 1460 2018 dignus
1483 1963 1553 2013 sit,
1579 1970 1658 2004 aut
1683 1974 1777 2017 quo

243 2032 335 2073 fine
368 2033 425 2073 ab
457 2032 542 2074 hac
572 2032 671 2073 luce
709 2045 979 2073 recessurus.
1073 2031 1255 2072 Timere
1290 2031 1457 2072 debent
1491 2030 1602 2072 boni
1638 2043 1693 2070 ne
1729 2029 1775 2069 in

244 2099 415 2139 malum
450 2099 677 2149 decidant,
714 2112 895 2153 sperare
928 2106 1121 2153 possunt
1154 2098 1261 2139 mali
1307 2106 1356 2139 ut
1401 2111 1428 2138 a
1473 2112 1558 2140 sua
1595 2097 1776 2139 malicia

244 2174 503 2221 resurgant.

304 2233 449 2275 Porro
492 2234 530 2275 si
572 2234 820 2287 perdurent
856 2234 902 2274 in
947 2233 1276 2287 cupiditatibus
1314 2242 1355 2275 et
1401 2234 1622 2288 nequiciis
1666 2233 1776 2283 suis,

245 2301 413 2343 frustra
441 2315 488 2344 se
521 2302 735 2343 estimant
768 2315 951 2343 securos
983 2301 1039 2342 de
1074 2301 1397 2353 misericordia,
1430 2315 1535 2343 cum
1571 2301 1776 2354 ipsorum

245 2369 430 2424 quidem
453 2369 671 2424 iniquitas
694 2382 785 2409 non
806 2369 863 2410 sit
881 2368 1088 2410 dimissa.
1137 2367 1260 2422 Quia
1280 2375 1516 2423 peccatum
1537 2380 1775 2422 nunquam

244 2436 488 2477 dimittitur
536 2436 806 2491 priusquam
855 2436 1088 2477 deseratur
1116 2448 1263 2490 neque
1298 2443 1407 2477 tunc
1439 2435 1655 2475 nimirum
1687 2432 1776 2474 nisi

244 2504 502 2545 satisfaccio
550 2504 835 2558 premittatur
880 2511 923 2544 et
971 2503 1240 2558 premissam
1290 2516 1426 2558 quam
1475 2502 1565 2543 cito
1611 2500 1776 2556 poterit

301 2596 328 2625 l.
360 2594 408 2635 (9)
436 2593 551 2625 omits.
600 2595 629 2624 2.
660 2593 702 2635 (j)
732 2593 974 2634 uncorrected,
1002 2592 1244 2634 “adoptarof
1295 2593 1345 2634 (k)
1376 2591 1669 2634 “adipiscendo.’'

302 2640 331 2670 3.
359 2638 490 2671 Psalm.
507 2640 580 2678 109,
606 2638 635 2670 7.
688 2637 737 2678 (h)
769 2637 808 2678 (i)
841 2637 882 2679 (γ’)
913 2638 959 2679 (0)
992 2637 1034 2678 (s)
1065 2637 1106 2678 (t)
1134 2637 1183 2677 (u)
1211 2635 1301 2668 have
1327 2637 1344 2649 “
1360 2635 1466 2677 bibit,
1487 2638 1554 2668 etc.
1605 2633 1780 2674 Quoniam

235 2684 351 2714 autem
376 2682 412 2713 in
435 2681 582 2714 eeclesia
602 2681 797 2713 cantores.”

301 2728 336 2759 4.
359 2725 447 2757 This
477 2725 626 2766 chapter
652 2725 681 2758 is
710 2735 731 2756 a
764 2724 961 2766 digression
998 2724 1089 2756 from
1122 2723 1252 2756 Rolle’s
1285 2722 1382 2755 main
1415 2721 1567 2766 subject,
1604 2721 1675 2754 and
1704 2731 1775 2753 was

237 2768 409 2810 probably
437 2768 587 2802 omitted
615 2768 709 2800 from
735 2768 797 2800 the
824 2768 925 2801 short
951 2770 1032 2800 text,
1060 2768 1117 2800 for
1142 2767 1222 2800 that
1249 2777 1382 2800 reason.

304 2816 336 2848 5.
361 2813 501 2847 Psalm.
531 2815 603 2854 103,
637 2815 666 2844 6.
