1881 2985
455 196 567 233 THE
602 197 872 234 HUMILITY
908 197 976 232 OF
1009 196 1121 234 THE
1155 197 1347 232 SAINTS
1600 210 1665 245 225

135 311 212 366 qui
251 319 293 352 te
329 319 570 366 aggrauat‚
619 313 820 354 mundus
856 318 1204 366 contempnetur
1247 313 1324 367 qui
1369 320 1412 355 te
1456 315 1660 368 decipere

141 387 343 434 temptat,
378 381 415 422 si
451 394 526 422 cor
560 388 687 422 tuum
719 394 919 422 amorem
949 377 1119 422 Christi
1155 393 1340 436 querere
1375 393 1466 420 non
1501 386 1659 421 cessat.

144 437 301 488 Inani's
328 461 437 488 uero
467 447 605 489 homo
633 462 723 489 non
750 448 889 498 sedet,
921 448 998 502 qui
1028 447 1110 488 etsi
1142 448 1302 502 lingua
1331 454 1486 496 taceat,
1516 453 1664 487 mente

143 522 292 555 tamen
331 515 388 555 ad
434 515 668 556 Christum
714 515 901 564 clamat;
947 514 1055 569 quia
1091 527 1258 567 corpus
1295 514 1464 555 carnali
1512 513 1664 568 requie

142 595 379 636 nunquam
431 582 633 637 quiescit,
687 582 795 623 dum
849 595 976 623 mens
1029 582 1215 623 celescia
1266 582 1520 623 desiderare
1574 594 1664 621 non

142 648 344 695 tabescit,
388 661 468 689 nec
510 649 727 702 reperitur
763 649 866 703 quis
900 649 1081 690 ociosus
1120 649 1157 690 si
1199 656 1351 689 eterna
1386 649 1540 702 cupire
1575 660 1665 688 non

141 724 302 765 cessat,
329 721 370 754 et
391 728 493 755 cum
518 715 609 756 illis
629 729 808 769 semper
827 715 874 756 fit
897 715 1074 756 auidus.
1137 715 1462 770 Cogitaciones
1482 715 1666 770 quidem

143 781 360 823 amatoris
393 781 563 823 Christi
601 783 644 822 in
678 796 918 823 ascensum
967 789 1073 823 sunt
1119 782 1310 830 ueloces,
1352 789 1394 823 et
1439 782 1483 822 in
1531 794 1666 822 cursu

145 847 414 890 uniformes.
511 849 808 890 Transitoriis
844 863 891 890 se
925 862 1015 889 non
1051 849 1208 890 sinunt
1247 849 1467 899 inclinari,
1506 856 1583 889 aut
1623 848 1667 888 in

145 916 405 957 carnalibus
438 917 666 970 contagiis
703 916 796 971 figi,
836 916 975 956 immo
1013 916 1256 957 ascendere
1309 928 1400 956 non
1454 914 1668 956 desinunt

146 982 290 1023 donec
319 982 377 1023 ad
405 982 975 1037 supernaperuenerint]
1062 983 1185 1023 Dum
1236 982 1357 1024 enim
1406 994 1574 1036 corpus
1624 982 1668 1021 in

145 1049 340 1091 seruicio
367 1049 537 1091 Christi
568 1050 797 1104 fatigatur,
824 1063 931 1103 sepe
956 1049 1242 1091 subleuante1
1267 1049 1428 1103 spiritu
1458 1063 1585 1090 mens
1612 1049 1670 1090 ad

147 1116 354 1157 celestem
409 1116 719 1167 refeccionem‚
776 1117 918 1158 immo
966 1124 1007 1157 et
1057 1117 1114 1157 ad
1152 1117 1357 1158 diuinam
1392 1115 1670 1169 contempla-

147 1182 337 1231 cionem,
376 1184 564 1237 rapitur.
661 1183 752 1238 Qui
789 1191 938 1224 autem
976 1184 1139 1225 deuote
1173 1191 1271 1224 orat
1305 1197 1382 1224 cor
1412 1197 1502 1224 non
1536 1183 1671 1224 habet

148 1250 479 1305 uagabundum
512 1251 556 1290 in
585 1251 786 1298 terrenis,
815 1251 894 1292 sed
925 1250 1155 1292 sublatum
1187 1250 1245 1291 ad
1279 1251 1428 1291 Deum
1458 1250 1502 1290 in
1535 1249 1671 1291 celes-

150 1317 289 1357 tibus.
353 1316 444 1371 Qui
488 1330 595 1358 uero
637 1317 759 1372 quod
800 1325 896 1358 orat
926 1318 1131 1359 obtinere
1171 1317 1395 1358 desiderat
1429 1316 1673 1371 diligenter

148 1385 350 1426 attendat
374 1386 496 1440 quod
518 1392 627 1435 orat,
653 1399 787 1441 quem
808 1393 917 1433 orat,
939 1394 980 1426 et
1005 1386 1063 1426 ad
1089 1399 1222 1440 quem
1250 1385 1386 1426 finem
1411 1391 1531 1435 orat3
1558 1392 1599 1425 et
1625 1390 1674 1424 ut

148 1460 267 1493 amet
298 1466 431 1507 quem
458 1460 569 1503 orat,
604 1467 658 1493 ne
690 1453 912 1506 reprobus
939 1460 1097 1506 petens
1126 1452 1351 1505 premium
1381 1466 1407 1492 a
1436 1452 1530 1492 uita
1558 1451 1673 1491 frus·
1694 1460 1719 1493 f.
1738 1459 1802 1493 42b

148 1528 304 1562 tretur.
401 1519 579 1572 [Sancti
628 1519 854 1574 siquidem
903 1526 994 1559 tam
1043 1518 1320 1573 profundam
1371 1518 1673 1559 humilitatem

150 1588 331 1635 habent,
366 1595 415 1628 ut
443 1601 490 1628 se
518 1587 630 1627 nihil
664 1588 777 1628 scire
806 1594 847 1627 et
879 1587 1008 1641 quasi
1043 1586 1156 1626 nihil
1190 1586 1335 1627 facere
1371 1591 1593 1639 reputant,
1627 1597 1674 1625 se

149 1654 366 1696 omnibus
391 1654 675 1709 indigniores
700 1661 741 1694 et
767 1654 1023 1695 miseriores
1043 1653 1253 1700 clamant,
1278 1654 1419 1694 eciam
1446 1653 1536 1694 hiis
1560 1665 1675 1707 quos

151 1721 433 1775 reprehendo
458 1721 707 1776 castigant3
737 1721 814 1776 qui
841 1720 1092 1762 secundum
1119 1726 1382 1774 preceptum
1413 1719 1602 1760 Domini
1630 1719 1674 1758 in

151 1789 406 1830 nouissimo
429 1789 529 1829 loco
553 1789 833 1836 recumbunt,
858 1801 1051 1842 quorum
1078 1795 1228 1828 tamen
1252 1787 1326 1827 illa
1351 1786 1507 1826 infima
1533 1784 1677 1827 sessio

152 1869 243 1897 non
281 1856 579 1909 opprobrium
617 1855 741 1909 apud
781 1855 931 1896 Deum
966 1855 1137 1908 recipit,
1179 1855 1258 1895 sed
1298 1843 1541 1904 hono-rem;
1584 1866 1674 1893 non

150 1923 419 1964 demeritum
440 1923 511 1964 uel
534 1923 795 1963 meritorum
817 1922 1151 1969 detrimentum,
1172 1921 1251 1963 sed
1274 1921 1498 1975 premium
1520 1918 1674 1960 lauda-

151 1990 258 2031 bilis
292 1997 333 2030 et
365 1989 607 2044 magnifice
635 1989 941 2038 exaltacionis‚
976 1988 1033 2029 ad
1066 2002 1202 2043 quam
1236 1988 1406 2041 optime
1441 1986 1677 2027 humilitas

150 2057 369 2111 disponit.
435 2056 518 2097 Illa
552 2070 747 2111 namque
780 2056 1045 2097 humiliacio
1075 2056 1255 2096 laudern
1284 2055 1439 2109 prebet
1470 2054 1670 2103 Christo,

150 2131 424 2165 tormentum
445 2123 640 2172 diabolo,
651 2124 844 2178 gloriam
869 2123 954 2163 Dei
973 2121 1286 2177 populo3fecit
1307 2133 1490 2163 seruum
1503 2119 1673 2161 Christi

151 2203 302 2230 amare
339 2190 592 2237 ardencius,
631 2190 799 2231 seruire
835 2189 1065 2237 deuocius‚
1100 2196 1141 2230 et
1181 2188 1364 2229 laudare
1396 2188 1597 2242 dignius,
1633 2193 1674 2227 et

152 2257 334 2298 caritate
369 2257 502 2298 efficit
537 2257 799 2311 pleniorem.
895 2256 1082 2311 Quanto
1111 2269 1218 2296 uero
1255 2256 1357 2310 quis
1392 2254 1591 2307 amplius
1626 2266 1674 2294 se

153 2324 391 2365 humiliat:
433 2331 560 2365 tanto
593 2324 771 2365 laudem
810 2324 895 2364 Dei
930 2323 1079 2377 magis
1112 2322 1291 2363 exaltat.
1383 2321 1473 2376 Qui
1522 2326 1672 2361 autem

153 2391 348 2444 perfecte
371 2391 416 2430 in
442 2404 595 2432 amore
621 2391 706 2431 Dei
734 2399 775 2431 et
801 2391 1047 2432 dileccione
1074 2389 1270 2444 proximi
1299 2388 1669 2444 perseuerauerit‚

152 2464 194 2498 et
224 2464 374 2498 tamen
404 2471 451 2498 se
477 2457 720 2512 indignum
750 2465 792 2498 et
820 2458 924 2498 aliis
953 2456 1209 2498 inferiorem
1240 2470 1325 2510 pro
1349 2456 1602 2497 humilitate
1632 2461 1673 2495 et

152 2526 223 2566 sui
256 2525 525 2579 cognicione
558 2525 846 2572 estimauerit,
882 2524 1089 2565 inimicos
1122 2524 1276 2573 uincit,
1310 2522 1477 2564 summi
1511 2520 1674 2562 iudicis

151 2605 351 2633 amorem
378 2591 618 2645 conquirit,
646 2598 687 2632 et
711 2592 755 2631 in
783 2598 935 2631 eterna
955 2590 1125 2645 gaudia
1149 2591 1206 2631 ab
1229 2588 1409 2643 angelis
1436 2587 1673 2640 recipietur

154 2659 340 2713 quando
360 2659 417 2699 ab
441 2657 524 2698 hac
547 2657 644 2698 luce
663 2658 838 2699 transit.

209 2760 236 2789 1.
268 2758 316 2799 (9)
343 2757 393 2799 (h)
420 2756 670 2788 “summam”

231 2825 254 2849 P
