1881 2985
236 185 300 218 242
594 176 705 214 THE
745 178 1143 214 UNSPEAKABLE
1182 179 1411 216 MELODY

238 293 324 334 hoc
354 292 489 334 exilio
525 293 743 348 dignatur
778 294 1040 334 iocundare.
1139 294 1393 348 Exsuperat
1429 296 1549 337 enim
1582 310 1764 338 omnem

236 372 420 400 sensum
447 360 691 401 delectacio
717 361 815 414 ipsa
842 374 978 415 quam
1003 359 1243 415 diligendo
1270 362 1454 404 Ihesum
1475 363 1763 418 degustauit3

237 437 318 465 nec
348 423 523 465 sufficio
554 425 626 465 uel
653 425 711 466 ad
738 425 969 466 modicum
1001 438 1210 466 enarrare
1242 425 1510 479 [minimum
1543 435 1763 482 punctum

237 490 373 532 huius
406 492 589 545 gaudii;
621 492 727 546 quia
761 491 1037 532 ineffabilem
1085 492 1309 533 feruorem
1358 494 1462 548 quis
1508 495 1764 549 exprimet?

127 558 212 594 f.47
238 554 461 596 infinitam
496 556 783 597 dulcedinem
814 557 916 611 quis
951 557 1186 597 denudet?
1233 558 1374 599 immo
1407 559 1445 599 si
1480 558 1564 599 fari
1600 559 1764 600 uellem

237 620 321 662 hoc
360 621 588 662 ineffabile
625 622 847 676 gaudium
885 621 949 663 sic
983 622 1094 662 mihi
1128 623 1296 670 uidear,
1349 623 1480 678 quasi
1533 623 1767 664 inundans

238 702 358 729 mare
380 702 460 742 per
481 696 657 744 guttam
679 697 720 729 et
743 696 920 744 guttam
941 690 1104 731 niterer
1126 691 1377 740 exhaurire,
1400 699 1441 732 et
1464 692 1508 732 in
1534 693 1764 734 modicum

236 760 349 793 terre
418 752 622 793 foramen
697 760 840 794 totum
916 753 1183 795 instillando
1255 754 1507 795 detrudere.
1614 753 1764 808 Quam

238 819 452 859 nimirum
484 833 564 860 nec
593 833 679 873 ego
706 820 782 874 qui
814 820 890 860 uix
919 820 1043 862 illius
1066 820 1334 862 excellencie
1363 828 1540 876 guttam
1569 821 1767 875 degusto

237 885 586 927 immensitatem
611 894 760 928 eterne
785 888 1042 929 dulcedinis
1067 888 1201 929 uobis
1226 902 1415 942 possum
1442 901 1661 939 reserare3
1685 901 1767 930 nec

236 966 320 993 uos
352 954 564 995 sensibus
595 955 760 1005 obtusi,
793 962 833 995 et
861 955 1120 997 carnalibus
1153 956 1518 1010 cogitacionibus
1548 956 1764 1004 distracti,

237 1020 376 1060 immo
406 1020 442 1060 si
475 1021 623 1061 essitis
654 1021 875 1075 sapientis
905 1022 1079 1076 ingenii
1110 1030 1150 1062 et
1177 1023 1351 1063 diuinis
1375 1023 1611 1076 obsequiis
1638 1034 1764 1062 man-

235 1087 385 1140 cipati,
419 1087 564 1140 ipsam
595 1089 801 1142 poteritis
832 1102 1005 1142 capere.
1096 1088 1145 1130 Si
1174 1097 1323 1130 tamen
1357 1091 1547 1131 omnino
1577 1090 1765 1131 celescia

234 1167 392 1207 sapere
427 1155 719 1202 conaremini,
748 1156 998 1210 diuinaque
1029 1156 1278 1197 dileccione
1311 1157 1552 1199 studeretis
1588 1157 1764 1197 inflam-

236 1222 363 1271 mari,
391 1222 488 1262 sine
509 1223 651 1264 dubio
674 1223 879 1264 influeret
905 1224 949 1263 in
975 1237 1061 1265 uos
1081 1224 1370 1265 abundanter
1395 1225 1542 1277 ipsius
1563 1224 1765 1266 dulcoris

226 1288 486 1339 delectacio‚
530 1304 617 1344 que
649 1290 947 1343 penetrabilia
988 1291 1214 1332 mencium
1254 1298 1506 1333 uestrarum
1548 1290 1764 1344 replendo

236 1359 394 1398 miram
450 1359 773 1399 iocunditatem
829 1359 1081 1400 instillaret.
1168 1359 1353 1414 Quanto
1408 1361 1528 1401 enim
1583 1359 1765 1402 caritate

235 1424 463 1479 pleniores
489 1425 627 1476 eritis,
655 1432 781 1466 tanto
808 1425 932 1467 illius
955 1426 1113 1481 gaudii
1140 1440 1224 1467 uos
1250 1426 1511 1479 capaciores
1531 1425 1766 1468 estimetis.

238 1490 481 1544 propiores
510 1492 681 1546 quippe
715 1492 814 1533 Deo
846 1493 1138 1534 eternitaliter
1164 1494 1391 1541 assistent,
1421 1494 1499 1548 qui
1532 1494 1683 1548 ipsum
1717 1493 1763 1533 in

235 1565 437 1611 tempore
460 1559 702 1600 ardencius
724 1573 775 1600 ac
797 1560 987 1601 suauius
1009 1567 1294 1601 amauerunt.
1360 1559 1451 1615 Qui
1476 1575 1584 1602 uero
1604 1561 1766 1602 diuino

234 1638 387 1665 amore
423 1633 528 1665 sunt
564 1626 711 1674 uacui,
748 1627 936 1668 terrenis
972 1627 1186 1668 sordibus
1235 1634 1341 1668 sunt
1394 1628 1563 1682 repleti,
1607 1635 1648 1669 et
1699 1628 1764 1669 sic

235 1692 453 1733 inanibus
477 1693 645 1735 fabulis
666 1692 936 1735 adherentes
959 1693 1291 1735 oblectamenta
1317 1701 1511 1748 querunt
1537 1694 1581 1734 in
1606 1693 1763 1734 exteri-

234 1759 390 1800 oribus
410 1760 545 1801 bonis
566 1774 653 1815 que
675 1761 900 1809 uidentur,
921 1768 1057 1816 atque
1083 1761 1347 1802 interiorum
1370 1763 1595 1803 bonorum
1620 1760 1763 1808 obliti,

235 1840 428 1881 quorum
469 1827 664 1868 altitudo
707 1841 733 1867 a
779 1828 1048 1869 mortalibus
1094 1828 1238 1869 oculis
1285 1828 1605 1877 absconditur;
1653 1828 1762 1869 dum

235 1894 402 1935 solacia
430 1895 688 1935 transitoria
715 1902 807 1935 tota
833 1895 1089 1936 intencione
1114 1895 1325 1943 subeunt,
1356 1896 1401 1935 in
1426 1909 1508 1936 sua
1536 1894 1762 1948 siquidem

234 1960 493 2001 eleuacione
532 1975 557 2001 a
594 1961 796 2016 gloriosa
835 1961 1133 2015 perpetuitate
1169 1968 1463 2002 euanescunt.
1564 1961 1763 2002 Proinde

236 2027 376 2081 liquet
432 2028 555 2082 quod
605 2028 833 2081 cupiditas
890 2028 934 2068 in
992 2028 1146 2069 futuro
1188 2028 1363 2078 exulat;
1407 2028 1569 2069 caritas
1611 2034 1762 2068 autem

237 2103 410 2150 regnat,
437 2103 619 2137 econtra
649 2096 694 2136 in
721 2097 918 2150 presenti
945 2110 971 2136 a
1000 2095 1229 2150 plerisque
1256 2096 1424 2150 agitur,
1480 2095 1621 2136 immo
1648 2108 1763 2149 pene

228 2163 284 2203 ab
316 2162 546 2212 omnibus,
581 2162 703 2216 quod
733 2161 965 2214 cupiditas
994 2161 1135 2202 eciam
1169 2161 1212 2200 in
1240 2160 1392 2201 aulam
1423 2160 1593 2214 regiam
1627 2160 1762 2200 intro-

234 2231 438 2280 ducitur;
474 2230 648 2278 caritas,
679 2230 809 2284 quasi
842 2236 959 2270 esset
992 2228 1243 2283 perdicioni
1278 2228 1586 2275 consenciens,
1619 2227 1762 2267 incar-

231 2304 417 2345 ceratur,
440 2297 579 2337 immo
597 2310 622 2337 a
643 2309 787 2350 regno
802 2295 961 2337 eicitur
982 2296 1025 2335 in
1042 2294 1242 2336 exilium.
1305 2293 1396 2336 Sed
1416 2302 1567 2335 tamen
1588 2292 1763 2333 habita-

103 2378 126 2410 f.
148 2377 211 2412 47b
235 2366 387 2406 culum
418 2365 592 2406 inuenit
623 2365 667 2405 in
697 2365 914 2406 cordibus
940 2363 1201 2405 electorum.
1266 2362 1455 2403 Recedit
1485 2376 1513 2403 a
1538 2359 1761 2413 superbis,

236 2433 426 2488 quiescit
447 2433 491 2472 in
515 2432 784 2473 humilibus.
848 2431 1088 2472 Falluntur
1110 2430 1238 2470 multi
1261 2430 1412 2470 miseri
1433 2443 1520 2483 que
1540 2442 1587 2470 se
1611 2428 1760 2468 Deum

235 2512 386 2540 amare
411 2498 593 2553 fingunt
611 2511 714 2539 cum
739 2511 828 2538 non
854 2497 1070 2551 diligunt,
1098 2503 1310 2549 putantes
1333 2509 1380 2536 se
1401 2502 1442 2536 et
1465 2493 1763 2535 exterioribus

238 2566 441 2621 negociis
467 2564 694 2618 occupari,
723 2572 764 2605 et
792 2578 946 2605 amore
977 2563 1148 2605 Christi
1182 2562 1317 2603 Ihesu
1345 2561 1562 2603 ueraciter
1591 2559 1761 2615 perfrui

227 2648 329 2675 cum
355 2633 609 2675 dulcedine.
677 2632 994 2685 Estimantque
1021 2644 1068 2672 se
1091 2638 1131 2671 et
1157 2643 1237 2684 per
1264 2629 1485 2670 mundum
1512 2627 1762 2669 discurrere

235 2709 277 2743 et
313 2699 697 2754 contempvlatiuos
734 2712 856 2749 esse;
895 2698 1017 2753 quod
1053 2697 1336 2751 impossibile
1374 2695 1652 2736 arbitrantur
1684 2691 1760 2747 qui
