1757 2990
112 163 177 198 142
576 157 820 196 INTEGRE
856 159 1188 196 DEUOCIONIS

107 283 405 323 personarum
428 286 512 326 pro
533 280 736 327 ternpore
757 275 1031 329 degencium
1055 275 1100 316 in
1124 276 1309 326 eisdem,
1331 278 1639 332 expediencia,

107 337 236 378 utilia
257 352 335 380 seu
361 341 613 381 necessaria
634 341 816 393 fuerint,
844 342 966 382 iuxta
985 343 1093 383 dicti
1116 345 1236 399 regis
1258 345 1384 399 pium
1406 353 1447 388 et
1470 346 1639 387 iustum

105 407 406 459 propositum,
433 409 724 462 disponendi,
749 410 1007 459 ordinandi,
1035 412 1276 465 statuendi,
1303 414 1576 468 indulgendi
1597 421 1640 456 et

103 473 418 527 dispensandi,
447 476 503 517 de
531 489 583 517 ea
612 490 699 530 que
727 477 1058 531 disposueritis,
1088 479 1422 530 ordinaueritis,
1450 488 1638 523 statuer-

106 540 191 589 itis,
206 541 488 584 indulseritis
504 551 545 583 et
563 543 952 597 dispensaueritis,
967 544 1154 586 firmiter
1172 547 1406 589 obseruari
1427 547 1638 597 faciendi,

103 609 461 651 contradictores
494 624 676 665 quoque
710 620 751 652 et
792 612 981 654 rebelles
1021 613 1249 667 quoslibet
1287 628 1366 668 per
1399 628 1638 656 censuram

102 676 454 720 ecclesiasticam
507 680 850 732 compescendi3
906 694 1082 722 necnon
1134 696 1238 723 curn
1289 682 1640 738 quibuscunque

102 745 339 800 utriusque
358 760 493 788 sexus
511 749 721 801 personis
740 749 1053 803 cuiuscunque
1071 749 1261 802 ordinis,
1285 751 1470 794 laxioris
1487 760 1638 792 tamen

103 814 399 856 obseruancie
436 816 616 864 fuerint,
654 831 798 871 usque
829 818 888 858 ad
924 831 1163 860 numerum
1203 819 1259 860 de
1296 833 1388 874 quo
1426 820 1559 862 uobis
1597 826 1639 861 et

102 881 250 922 eidem
272 882 367 936 regi
389 883 601 936 expedire
621 884 865 936 uidebitur,
892 892 939 926 ut
960 885 1015 926 de
1034 887 1324 928 monasteriis
1343 895 1384 928 et
1404 887 1507 930 aliis
1528 886 1641 930 locis

104 949 148 989 in
185 950 353 1004 quibus
385 951 589 1004 professe
623 952 791 994 fuerint
821 953 879 994 ad
913 953 968 994 de
1000 953 1113 995 Sion
1147 962 1189 995 et
1214 955 1304 995 alia
1330 956 1568 997 fundanda
1595 962 1638 996 et

102 1017 322 1072 erigenda
355 1019 630 1060 monasteria
664 1027 705 1060 et
740 1020 838 1061 loca
874 1020 1155 1073 huiusmodi,
1199 1029 1455 1076 postquam·
1485 1024 1639 1064 dotata

104 1085 286 1136 fuerint,
312 1087 503 1128 transire
524 1102 533 1127 ε
565 1095 606 1128 et
630 1088 675 1128 in
701 1088 767 1130 eis
786 1089 957 1130 dictum
980 1090 1188 1131 ordinem
1213 1092 1357 1132 sancti
1384 1091 1637 1145 Augustini

103 1154 303 1208 profiteri
325 1170 334 1195 :
369 1162 410 1197 et
434 1156 479 1196 in
508 1156 666 1197 habitu
694 1171 746 1198 ac
770 1157 874 1199 aliis
901 1158 1122 1200 institutis
1146 1159 1435 1213 regularibus
1459 1174 1507 1202 se
1532 1173 1637 1201 con-

103 1223 327 1263 formare:
369 1231 411 1264 et
446 1232 665 1277 perpetuo
696 1239 956 1267 remanere:
998 1240 1051 1268 ac
1086 1240 1357 1282 quecunque
1391 1227 1640 1282 dignitates

101 1291 243 1333 eciam
286 1293 544 1334 abbaciales
580 1308 632 1335 ac
673 1295 1116 1347 administraciones‚
1162 1303 1203 1337 et
1245 1296 1392 1338 officia
1433 1296 1636 1338 eiusdem

103 1360 293 1411 ordinis,
320 1361 358 1401 si
382 1361 495 1403 alias
518 1362 585 1404 eis
607 1363 823 1404 canonice
846 1363 1153 1417 preficiantur,
1184 1372 1231 1405 ut
1255 1366 1313 1406 ad
1335 1379 1386 1407 ea
1409 1365 1640 1419 eligantur

104 1441 273 1483 regere,
306 1429 563 1484 gubernare
591 1438 631 1471 et
662 1438 827 1482 tenere,
857 1446 1044 1473 suorum
1074 1433 1361 1486 superiorum
1390 1441 1468 1474 aut
1493 1434 1638 1475 cuius-

101 1510 283 1552 cunque
312 1498 500 1540 alterius
530 1499 716 1540 licencia
744 1500 801 1541 ad
833 1500 917 1542 hoc
946 1501 1132 1542 minime
1164 1502 1394 1556 requisita,
1429 1502 1567 1543 libere
1595 1510 1636 1543 et

102 1565 222 1607 licite
244 1566 437 1620 possint,
464 1567 698 1608 licenciam
721 1568 1024 1619 concedendi3
1047 1570 1229 1624 plenam
1255 1579 1296 1612 et
1321 1570 1509 1612 liberam
1531 1585 1636 1613 con-

104 1634 307 1675 cedimus
350 1642 504 1676 tenore
549 1636 835 1689 presencium
876 1637 1161 1687 facultatem3
1210 1652 1300 1679 non
1344 1639 1637 1680 obstantibus

99 1710 190 1743 tam
214 1703 357 1744 felicis
381 1704 711 1745 recordacionis
734 1705 960 1746 Bonifacii
986 1705 1111 1759 Pape
1131 1707 1279 1747 octaui
1303 1706 1635 1761 predecessoris

101 1770 242 1810 nostri
271 1784 408 1824 quarn
435 1771 540 1812 aliis
565 1772 916 1827 quibuscunque
945 1773 1356 1815 constitucionibus
1382 1781 1424 1814 et
1451 1774 1634 1815 ordina-

101 1837 312 1879 cionibus
341 1839 619 1890 apostolicis,
649 1853 701 1881 ac
732 1840 851 1881 bone
884 1841 1099 1881 memorie
1125 1840 1310 1882 Ottonis
1335 1848 1378 1881 et
1411 1841 1633 1883 Ottoboni
1675 1897 1677 1899 ι

99 1903 209 1945 olim
255 1905 299 1944 in
336 1905 458 1946 dicto
501 1918 643 1959 regno
679 1906 928 1958 apostolice
970 1907 1095 1949 sedis
1134 1907 1412 1961 legatorum;
1458 1921 1634 1949 necnon

101 1973 282 2014 statutis
321 1981 363 2015 et
401 1975 815 2016 consuetudinibus
846 1975 1085 2029 predictis;
1126 1983 1167 2016 et
1205 1976 1399 2017 aliorum
1434 1990 1634 2032 quorun-

100 2055 295 2097 cumque
326 2043 539 2084 ordinum
567 2044 802 2097 presertim
829 2044 1207 2086 monasteriorum
1240 2052 1281 2086 et
1312 2045 1514 2087 locorum
1546 2059 1633 2100 que

101 2108 366 2151 huiusmodi
414 2124 622 2164 persone,
678 2111 847 2165 quibus
896 2111 953 2152 ad
1006 2112 1176 2153 dictum
1229 2112 1436 2153 ordinem
1488 2113 1633 2155 sancti

102 2178 353 2232 Augustini
404 2180 670 2220 transeundi
717 2179 951 2220 licenciam
1003 2180 1331 2232 concesseritis,
1383 2181 1629 2232 exiueritis,

101 2247 353 2297 contrariis,
391 2247 645 2289 iuramento
674 2247 1026 2289 confirmacione
1053 2248 1305 2301 apostolica
1335 2249 1407 2290 uel
1438 2261 1634 2304 quacun-

100 2328 188 2370 que
210 2315 418 2356 firmitate
439 2315 528 2357 alia
549 2316 786 2367 roboratis,
813 2323 854 2357 et
874 2315 976 2357 aliis
997 2316 1237 2358 contrariis
1256 2316 1631 2371 quibuscunque:

100 2397 178 2425 seu
207 2384 245 2424 si
276 2384 509 2438 aliquibus
537 2385 839 2426 communiter
872 2385 942 2426 uel
975 2385 1160 2426 diuisim
1193 2398 1218 2425 a
1246 2385 1352 2427 sede
1381 2385 1632 2439 apostolica

99 2450 156 2490 sit
187 2450 428 2499 indultum,
462 2451 584 2506 quod
616 2451 835 2499 interdici,
867 2451 1100 2505 suspendi,
1133 2452 1204 2493 uel
1233 2452 1630 2499 excommunicari,

99 2530 177 2559 seu
201 2517 259 2558 ad
287 2517 504 2559 iudicium
527 2518 706 2558 euocari
729 2532 819 2559 non
846 2518 1037 2572 possint,
1062 2531 1142 2573 per
1166 2518 1335 2560 litteras
1355 2519 1632 2572 apostolicas

102 2598 193 2625 non
218 2584 434 2626 facientes
461 2584 643 2638 plenam
667 2592 708 2625 et
734 2598 1011 2638 expressam,
1039 2598 1091 2625 ac
1112 2585 1168 2626 de
1194 2586 1335 2627 uerbo
1356 2587 1414 2627 ad
1441 2586 1631 2627 uerbum

100 2653 156 2694 de
178 2653 357 2694 indulto
380 2652 660 2704 huiusmodi,
684 2667 736 2694 ac
758 2666 914 2694 eorum
940 2653 1241 2704 monasteriis,
1267 2653 1379 2696 locis
1399 2662 1440 2695 et
1461 2652 1631 2694 ordini-

99 2723 201 2772 bus,
229 2735 280 2763 ac
303 2720 571 2762 nominibus
592 2721 804 2775 propriis5
834 2721 1135 2762 mencionem.
1200 2721 1369 2763 Datum
1398 2721 1632 2763 Gebennis
