1809 3036
31 424 42 451 ι’
83 417 111 453 f.
130 428 188 463 93.

87 930 114 966 f.
134 930 219 976 96b.

89 1270 117 1305 f.
139 1281 217 1305 100.

90 1327 117 1362 f.
139 1328 244 1362 100b.

93 1725 118 1760 f.
143 1725 247 1762 102b.
286 1752 293 1759 .

586 185 863 223 BODLEIAN
903 184 988 219 MS.
1031 183 1097 218 861
1564 193 1605 227 17

273 302 496 338 secundum
528 300 744 336 Ricardum
776 298 1026 333 heremitam.
1078 296 1227 342 Incipit
1258 299 1452 331 tractatus
1485 307 1606 342 super

274 359 477 405 psalmum
502 358 754 392 uicesimum.
808 357 909 391 Cum
934 355 1109 390 christus
1134 354 1204 399 qui
1228 356 1288 388 est
1310 353 1462 388 ueritas
1490 380 1496 387 .
1525 380 1532 387 .
1561 380 1568 387 .
1599 380 1606 387 .

278 416 356 451 Hic
386 415 531 460 incipit
560 417 725 450 sanctus
754 413 857 448 liber
887 412 1048 447 Ricardi
1079 413 1132 446 H.
1164 409 1408 446 uenerabilis
1438 410 1606 456 hampul

276 474 326 508 de
354 483 489 507 amore
516 472 580 507 dei
608 474 746 506 contra
775 472 971 505 amatores
1000 468 1156 503 mundi.
1208 469 1292 513 Cap
1324 479 1356 510 1,
1407 467 1607 510 Quoniam

275 529 589 564 mundaniorum
618 555 625 562 .
657 555 664 562 .
695 555 702 562 .
733 554 741 562 .

357 614 364 620 .
395 613 402 620 .
430 585 664 620 commendo
700 585 790 619 sine
825 584 917 618 fine.
969 584 1112 617 Amen.
1164 581 1240 616 Die
1276 580 1415 615 marcii
1451 580 1610 615 ultimo.

279 645 338 679 De
361 654 494 678 amore
516 643 580 677 dei
603 645 739 677 contra
763 643 961 676 amatores
981 639 1124 674 mundi
1147 638 1368 674 secundum
1392 637 1609 672 Ricardum

278 701 332 736 H.
384 700 497 735 Finis
522 699 615 734 libri
641 698 819 734 secundi.
870 696 1034 732 Tercius
1058 696 1160 731 liber
1183 695 1332 730 dicitur
1352 695 1402 730 de
1426 694 1611 730 incendio

278 757 427 793 amoris
455 756 525 802 qui
551 756 609 791 sic
636 755 793 801 incipit,
821 753 1063 790 Admirabar
1089 752 1264 799 amplius
1292 762 1412 798 quam
1440 751 1613 786 enuncio

279 814 442 860 quando
470 813 671 859 siquidem
703 812 854 847 sentiui
886 822 953 846 cor
984 821 1118 845 meum
1151 809 1341 855 primitus
1373 808 1613 844 incalescere

279 875 320 907 et
354 871 448 916 igne
481 873 652 905 estuare.

278 928 421 965 Omnis
458 928 566 964 accio
609 926 827 963 laudabilis
855 954 862 960 .
894 953 901 960 .
932 953 940 960 .
971 953 978 960 .
1010 925 1210 971 (Epistola
1254 923 1452 969 Anselmz')
1486 950 1493 957 .
1524 949 1532 957 .
1562 949 1570 957 .
1601 950 1609 957 .

281 985 485 1020 uoluntati
514 984 578 1019 dei
622 984 753 1029 siquis
782 985 917 1018 autem
944 984 1082 1017 sancte
1110 984 1181 1016 aut
1210 981 1316 1015 iuste
1344 980 1461 1015 uiuat
1489 1007 1496 1014 .
1527 1006 1534 1014 .
1566 1007 1573 1014 .
1603 1006 1612 1013 .

286 1042 478 1087 (Beneath
501 1041 572 1076 the
595 1043 736 1077 Omnis
760 1042 866 1076 accio
890 1039 1119 1081 Laudabilis,
1143 1038 1186 1072 in
1209 1038 1278 1073 the
1299 1048 1409 1072 same
1432 1037 1554 1080 hand,
1578 1036 1614 1071 is

277 1099 438 1133 written
458 1098 527 1133 the
548 1100 654 1141 note,
680 1098 703 1113 “
725 1098 828 1131 Nota
851 1096 957 1142 quod
979 1095 1028 1130 ab
1051 1095 1175 1129 inicio
1195 1093 1450 1129 alteracionis
1471 1093 1557 1128 uite
1577 1095 1618 1127 et

282 1155 475 1198 mentis,'’
502 1154 628 1189 found
654 1154 740 1189 also
766 1153 809 1188 in
839 1154 921 1198 (w),
949 1153 976 1187 f.
1009 1154 1115 1195 1121),
1143 1152 1223 1187 and
1250 1151 1411 1197 printed
1437 1161 1505 1196 pp.
1536 1150 1616 1193 188,

283 1213 377 1258 189.)

285 1270 387 1305 Cum
421 1269 637 1304 infeliciter
669 1268 850 1302 florerem
879 1294 885 1301 .
917 1294 924 1301 .
956 1294 962 1301 .
994 1294 1001 1301 .

283 1355 290 1362 .
321 1354 328 1361 .
360 1354 367 1361 .
399 1354 405 1360 .
433 1337 515 1361 non
537 1325 588 1360 ad
609 1325 901 1360 detrahendum
924 1323 1162 1359 incitemini.
1199 1321 1470 1368 Intelligendo
1489 1321 1616 1356 eciam

284 1383 391 1429 quod
412 1394 463 1418 ex
483 1393 632 1428 magno
653 1382 800 1417 amoris
820 1381 1007 1416 incendio
1034 1408 1041 1414 .
1073 1408 1080 1414 .
1111 1407 1118 1414 .
1150 1408 1157 1414 .
1183 1379 1450 1415 eternitaliter
1471 1378 1617 1424 gaude-

283 1440 398 1476 bunt.

332 1497 515 1543 Explicit
544 1496 744 1542 quomodo
772 1495 938 1541 perueni
969 1495 1019 1530 ad
1049 1494 1280 1530 incendium
1311 1493 1471 1528 amoris.

330 1553 570 1589 Admonicio
622 1553 740 1588 ualde
793 1552 969 1587 salubris
1022 1552 1071 1586 de
1125 1550 1344 1585 elemosina
1398 1549 1620 1585 secundum

285 1612 390 1646 R.H.
444 1613 602 1656 (zpart
623 1610 664 1645 of
686 1609 806 1647 Latin
829 1612 917 1644 text
937 1609 979 1643 of
998 1608 1069 1643 the
1090 1611 1247 1644 Nouem
1273 1608 1479 1653 Uirtutes.)

333 1667 470 1703 Indica
492 1678 556 1702 me
579 1667 677 1702 deus
706 1694 713 1700 .
745 1694 751 1700 .
783 1694 790 1700 .
821 1694 828 1700 .

367 1753 370 1755 .
402 1752 408 1758 .
438 1725 740 1769 interrumpere.
808 1725 893 1758 Hec
940 1723 1136 1758 Ricardus
1181 1722 1375 1757 heremita
1422 1721 1529 1756 dixit
1576 1721 1619 1756 in

281 1781 384 1817 libro
412 1792 531 1827 quem
557 1781 700 1816 habuit
725 1780 920 1815 heremita
946 1780 996 1814 de
1021 1780 1052 1813 T
1056 1779 1190 1814 anfeld
1217 1779 1280 1813 die
1308 1778 1466 1813 ueneris
1494 1778 1620 1813 natali

285 1838 437 1873 domini
470 1838 598 1873 sancti
630 1838 817 1872 iohannis
852 1848 952 1881 1409.
984 1839 1024 1871 et
1054 1836 1235 1881 undique
1265 1836 1385 1881 pedes
1416 1836 1461 1880 48
1491 1834 1621 1870 millia

287 1895 404 1930 ibat.1
457 1896 564 1931 Trin.
593 1896 709 1938 Colz„
735 1895 904 1936 Dublifn,
929 1895 1030 1936 MS„
1055 1895 1104 1928 A.
1130 1893 1164 1928 6.
1190 1904 1213 1938 9
1240 1895 1383 1939 (=No.
1412 1893 1508 1938 153),
1534 1892 1619 1927 also

285 1952 361 1987 has
380 1963 402 1987 a
425 1954 519 1987 note
541 1955 582 1987 at
604 1952 672 1987 the
695 1951 771 1986 end
793 1951 835 1986 of
855 1951 923 1986 the
946 1952 1084 1987 Indica
1107 1963 1169 1987 me
1194 1953 1306 1993 deus,
1332 1952 1356 1966 “
1377 1951 1461 1985 Hec
1485 1949 1618 1984 Ricar-

286 2009 362 2044 dus
382 2009 575 2044 heremita
595 2008 694 2044 dicit
712 2008 754 2043 in
775 2008 947 2054 quodam
967 2007 1105 2043 libello
1124 2019 1242 2053 quem
1262 2006 1406 2042 habuit
1424 2006 1617 2041 heremita

284 2066 333 2101 de
352 2066 385 2100 T
387 2065 587 2100 anfeld.'’2
636 2065 667 2099 T
671 2064 831 2108 anfield,
856 2064 1090 2107 Yorkshire,
1113 2064 1148 2099 is
1171 2064 1214 2098 in
1236 2064 1305 2098 the
1327 2063 1622 2107 archdeaconry

287 2123 328 2158 of
360 2122 599 2165 Richmond,
633 2123 711 2157 and
742 2133 823 2166 any
854 2121 1052 2156 reference
1083 2124 1124 2156 to
1155 2133 1178 2156 a
1212 2122 1235 2137 “
1256 2120 1416 2156 Hermit
1448 2120 1488 2155 of
1517 2120 1618 2155 Tan-

287 2179 381 2215 field
403 2180 426 2196 ''
465 2179 598 2214 would
635 2179 831 2224 probably
868 2179 971 2214 have
1008 2178 1108 2213 been
1146 2178 1271 2213 found
1309 2178 1351 2212 in
1389 2177 1457 2212 the
1496 2176 1618 2212 Arch-

282 2237 468 2272 deacons’
518 2236 721 2281 registers,
771 2236 905 2270 rather
950 2235 1051 2269 than
1099 2235 1141 2270 in
1189 2235 1259 2269 the
1307 2232 1620 2279 archiepiscopal

288 2293 478 2339 registers
512 2296 553 2328 at
587 2293 712 2327 York.
763 2293 905 2335 These,
942 2292 1261 2336 unfortunately,
1298 2291 1350 2326 do
1383 2294 1454 2326 not
1487 2290 1617 2332 exist3

287 2351 356 2386 the
379 2350 614 2386 documents
637 2350 679 2384 of
701 2349 770 2385 the
793 2349 1089 2394 archdeaconry
1111 2349 1153 2383 of
1176 2348 1415 2390 Richmond,
1441 2346 1619 2392 recently

288 2407 530 2442 transferred
571 2406 673 2442 from
714 2407 917 2442 Somerset
957 2407 1096 2440 House
1135 2408 1178 2440 to
1217 2405 1341 2447 York,
1384 2403 1620 2448 containing

288 2463 462 2509 nothing
486 2463 628 2499 earlier
652 2463 751 2498 than
776 2463 845 2498 the
867 2462 1071 2497 sixteenth
1098 2465 1278 2507 century.
1331 2463 1399 2496 Dr.
1426 2461 1619 2496 Matthew

289 2521 485 2556 Hutton's
514 2522 689 2555 extracts
719 2520 820 2554 from
850 2519 1078 2554 fourteenth
1105 2522 1277 2564 century
1303 2518 1451 2553 entries
1479 2517 1522 2552 in
1550 2517 1619 2552 the

290 2577 481 2622 registers
516 2577 645 2622 (Harl.
680 2578 812 2619 MSS„
844 2576 993 2621 69—78)3
1024 2575 1187 2610 contain
1218 2585 1272 2609 no
1302 2574 1498 2609 reference
1528 2575 1571 2607 to
1600 2583 1624 2607 a

157 2649 184 2678 1.
212 2646 288 2678 The
321 2646 414 2684 date,
451 2646 469 2659 ‘¹
485 2644 619 2686 Friday
651 2644 687 2675 in
709 2644 920 2686 Christmas,
936 2644 971 2679 S.
1001 2644 1124 2677 John’s
1151 2643 1231 2686 Day
1246 2643 1391 2675 ''=Dec.
1428 2643 1478 2684 27,
1516 2644 1608 2675 1409.

155 2691 184 2722 2.
211 2689 277 2722 See
292 2688 516 2726 Athenaeum,
533 2689 576 2721 23
595 2688 703 2729 Aug,
721 2689 813 2720 1913.

157 2734 186 2766 3.
212 2732 229 2765 I
245 2743 305 2766 am
321 2730 494 2765 indebted
509 2730 564 2763 for
578 2731 642 2764 the
657 2730 836 2763 reference
852 2731 892 2762 to
912 2729 1004 2762 Prof.
1021 2730 1116 2762 Tait.

192 2809 214 2835 C
