1757 2990
143 202 208 236 132
576 195 834 234 SUPPLICA
870 197 938 231 OF
968 197 1160 233 HENRY
1193 198 1228 232 V

140 332 316 361 necnon
337 328 428 362 tam
454 334 538 375 pro
559 321 652 362 uita
675 321 939 362 huiusmodi
966 322 1109 375 patris
1129 322 1319 364 fratrum
1344 337 1669 365 conuersorum

137 394 179 427 et
207 388 366 429 matris
393 389 660 431 monialium
688 396 824 444 atque
852 403 1175 431 conuersarum
1204 391 1489 444 presencium
1516 398 1560 432 et
1587 403 1672 445 pro

137 462 339 509 tempore
362 456 672 503 existendum,
686 456 741 497 de
762 457 898 498 bonis
919 456 1007 497 sibi
1027 470 1054 497 a
1079 457 1181 498 Deo
1201 458 1375 500 collatis
1396 458 1672 500 sufficienter

139 521 446 577 habundeque
473 530 515 564 et
544 523 733 564 honeste
760 523 954 565 dotauit.

196 590 318 645 Quia
371 605 481 632 uero
537 591 655 632 idem
713 605 789 632 rex
847 605 901 632 ex
958 592 1157 633 maxima
1216 593 1366 635 cordis
1420 592 1673 635 deuocione

138 659 263 712 cupit
303 660 521 701 deuotum
567 667 789 701 oratorem
839 659 1127 701 Willelmum
1171 660 1290 702 Alne
1338 660 1494 712 Wych
1540 661 1671 716 (Aln-

138 728 286 780 wick),
336 727 611 769 monachum
656 741 867 781 expresse
918 728 1175 781 professum
1221 730 1483 770 monasterii
1527 730 1671 771 sancti

139 796 325 844 Albani,
383 796 560 838 ordinis
611 797 754 837 sancti
811 797 1062 848 Benedicti,
1121 797 1442 839 Lincolniense
1502 798 1672 839 diocesi

143 864 188 905 in
260 865 522 906 sacerdocio
592 865 907 915 constitutum,
988 872 1035 906 ut
1110 865 1359 919 plurimum
1430 872 1677 919 apparetur

141 931 241 973 Deo
304 932 538 983 deuotum,
609 931 654 971 in
724 932 902 985 prefato
974 933 1250 974 monasterio
1315 933 1370 975 de
1439 933 1553 975 Sion
1626 932 1671 973 in

138 1008 328 1054 patrem,
394 1008 436 1041 et
498 1001 710 1042 deuotam
775 1001 1010 1042 oratricem
1077 1001 1318 1042 Matildam
1383 1001 1671 1056 Neueyaton,

138 1068 369 1123 (Newton)
391 1069 635 1110 monialem
654 1083 865 1123 expresse
888 1069 1141 1123 professam
1166 1070 1427 1110 monasterii
1451 1070 1506 1110 de
1530 1068 1672 1110 Bark-

140 1136 236 1190 ing,
266 1136 443 1177 ordinis
468 1137 612 1178 sancti
646 1136 896 1187 Benedicti,
928 1136 1268 1178 Londoniensis
1294 1136 1503 1188 diocesis,
1537 1150 1591 1177 ex
1620 1149 1675 1177 eo

140 1205 247 1259 quia
276 1212 366 1245 tarn
396 1205 441 1245 in
471 1219 553 1246 sua
582 1205 785 1246 indutate
805 1205 818 1229 1
846 1218 983 1260 quam
1014 1205 1057 1245 in
1087 1204 1351 1246 huiusmodi
1380 1203 1669 1255 monasterio,

139 1274 268 1324 bene,
298 1273 529 1314 humiliter
556 1280 597 1314 et
627 1274 804 1324 deuote,
838 1274 928 1328 piis
955 1273 1185 1326 operibus,
1219 1274 1380 1315 institit
1409 1274 1454 1314 in
1485 1280 1672 1313 matrem

141 1341 288 1394 ipsius
318 1342 595 1392 monasterii,
630 1355 837 1396 quosque
872 1342 1124 1384 secundum
1158 1341 1362 1396 regulam
1394 1349 1435 1382 et
1469 1340 1675 1382 instituta

140 1410 392 1451 consecrari
420 1410 518 1451 siue
546 1411 778 1460 benedici:

195 1486 332 1533 atque
384 1479 471 1532 ipsi
528 1478 794 1521 Willelmus
850 1487 891 1520 et
949 1478 1157 1530 Matilda‚
1216 1479 1287 1520 uel
1341 1478 1417 1519 alii
1474 1479 1518 1519 in
1572 1489 1677 1520 con-

141 1547 357 1588 fessorem
440 1554 481 1588 et
552 1547 832 1589 abbatissam
904 1548 1155 1588 secundum
1238 1547 1395 1588 eadem
1469 1545 1676 1588 instituta

143 1615 285 1666 electi,
347 1616 391 1656 in
447 1616 617 1657 eisdem
678 1616 967 1657 monasteriis
1019 1616 1076 1656 de
1139 1615 1252 1657 Sion
1310 1614 1482 1669 deputi‚
1547 1614 1673 1668 eligi,

139 1683 364 1736 deputari,
421 1683 663 1737 ipsumque
718 1683 1006 1724 Willelmum
1058 1684 1113 1724 de
1165 1691 1325 1724 sancto
1377 1682 1575 1733 Albano,
1633 1689 1675 1722 et

141 1752 363 1806 prefatam
409 1751 648 1792 Matildam
696 1752 751 1792 de
790 1751 1012 1805 Barking,
1060 1750 1348 1792 monasteriis
1391 1750 1505 1804 ipsis
1539 1756 1676 1803 atque

141 1820 397 1871 ordinibus,
445 1820 633 1861 licencia
679 1833 866 1861 suorum
914 1819 1200 1872 superiorum
1247 1819 1387 1872 petita
1434 1819 1535 1860 licet
1582 1830 1673 1858 non

138 1889 337 1937 obtenta,
388 1889 445 1930 ad
488 1889 718 1942 sepedicta
765 1889 1041 1929 monasteria
1087 1888 1143 1929 de
1192 1887 1305 1929 Sion
1355 1887 1675 1941 prefatumque

139 1956 346 1997 ordinem
384 1957 528 1997 sancti
569 1956 820 2011 Augustini
860 1969 907 1997 se
943 1955 1198 2003 transferre,
1238 1955 1444 1996 habitum
1481 1966 1674 2001 sumere,

142 2023 395 2078 regularem
418 2023 750 2077 professionem
775 2023 975 2063 emittere
997 2029 1038 2063 et
1062 2023 1106 2062 in
1130 2022 1300 2063 eisdem
1327 2028 1549 2076 perpetuo
1574 2021 1676 2061 Deo

143 2090 368 2138 famulari,
399 2090 814 2144 fundacionemque
841 2089 1132 2137 ereccionem‚
1164 2089 1569 2137 construccionem,
1600 2088 1675 2129 de-

143 2158 442 2208 coracionem,
522 2158 814 2198 ornacionem
885 2163 1021 2210 atque
1099 2155 1401 2206 dotacionem‚
1478 2163 1520 2196 et
1586 2154 1676 2195 alia

141 2226 304 2267 exinde
333 2239 622 2280 quo-cumque
651 2232 805 2266 secuta
830 2224 1095 2265 auctoritate
1123 2224 1373 2277 apostolica
1400 2221 1673 2266 communiri

143 2300 279 2348 atque
323 2292 596 2343 confirmari,
637 2299 773 2346 atque
807 2291 920 2332 alias
963 2291 1007 2330 in
1052 2290 1287 2344 premissis
1332 2290 1599 2332 necessariis
1634 2296 1676 2330 et

141 2361 382 2414 oportunis
418 2361 504 2401 sibi
546 2361 640 2415 regi
679 2360 735 2401 de
774 2359 1091 2401 munificencia
1130 2359 1251 2399 sedis
1289 2358 1538 2412 apostolice
1570 2369 1675 2398 con-

144 2428 305 2478 sulere,
362 2441 444 2481 pro
498 2434 623 2480 parte
678 2427 824 2480 ipsius
875 2426 995 2480 regis
1044 2425 1275 2466 humiliter
1324 2432 1461 2479 atque
1514 2424 1679 2465 deuote

145 2496 444 2550 supplicatur,

203 2572 429 2619 quatenus
507 2564 820 2612 deuocionem,
896 2561 1188 2613 ereccionem‚
1267 2561 1674 2611 construccionem,

145 2633 504 2683 decoracionem,
547 2633 856 2682 ornacionem,
896 2630 1200 2681 dotacionem‚
1242 2637 1283 2671 et
1322 2631 1477 2671 omnia
1510 2629 1599 2670 alia
1635 2636 1677 2670 et

209 2720 235 2748 1.
264 2717 340 2747 The
370 2715 592 2757 “clothing'’
622 2716 659 2748 of
688 2726 709 2746 a,
736 2726 818 2746 nun.
868 2714 938 2746 For
963 2713 1036 2746 this
1065 2725 1126 2746 use
1155 2715 1193 2746 of
1223 2713 1400 2753 “indu0,'’
1430 2714 1471 2745 cf.
1510 2714 1681 2756 Maynum

135 2759 332 2793 Bullarium
351 2760 558 2796 Romanum,
582 2758 825 2801 Luxemhurg,
845 2758 944 2795 17273
967 2757 990 2796 i,
1013 2759 1084 2789 316.
