1757 2990
90 202 156 237 134
527 194 785 231 SUPPLICA
819 194 887 229 OF
919 193 1112 231 HENRY
1144 195 1180 228 V

83 309 180 350 siue
226 308 338 350 locis
381 310 652 358 constitutis,
694 310 959 365 gauderent,
1001 323 1080 351 seu
1125 311 1327 365 quolibet
1372 311 1616 366 pociuntur

83 376 285 430 gaudere
306 377 498 430 possint,
524 377 705 418 ualeant
729 384 770 417 et
795 377 932 417 libere
956 385 997 418 et
1021 377 1139 417 licite
1163 377 1356 418 debeant
1380 378 1614 419 licenciam

83 443 330 484 concedere
359 443 616 498 dignemini
644 444 700 485 de
727 444 883 499 gracia
907 444 1107 497 speciali,
1137 444 1548 486 constitucionibus
1574 450 1617 485 et

83 510 459 552 ordinacionibus
483 510 763 564 apostolicis,
792 511 973 551 statutis
997 518 1039 551 et
1060 511 1473 554 consuetudinibus
1493 524 1617 552 mon-

83 579 367 630 asteriorum,
399 587 724 629 conuentuum,
759 579 960 619 locorum
992 586 1033 619 et
1064 579 1278 620 ordinum
1309 579 1615 633 predictorum

84 648 332 702 ceterisque
356 661 448 688 non
475 647 767 688 obstantibus
794 647 1175 701 quibuscumque,
1204 654 1246 688 et
1272 661 1373 689 cum
1397 646 1616 689 clausulis

82 716 336 769 oportunis.

145 783 257 824 Item
301 796 383 837 pro
426 789 552 838 parte
595 782 742 836 ipsius
783 781 973 823 Henrici
1020 782 1168 836 Regis
1207 782 1433 824 sanctitati
1472 789 1619 824 uestre

84 850 314 891 humiliter
380 857 422 890 et
489 850 651 891 deuote
722 849 1022 903 supplicatur,
1098 857 1323 904 quatenus
1396 850 1617 891 moderno

82 919 301 973 episcopo
364 919 678 960 Londoniensi
737 918 810 959 uel
869 931 954 971 pro
1010 925 1213 971 tempore
1276 918 1500 970 existenti,
1567 925 1616 959 ut

82 1001 184 1029 cum
264 988 472 1041 personis
557 987 794 1041 utriusque
876 1000 1014 1027 sexus
1090 986 1331 1028 cuiuslibet
1411 986 1615 1039 ipsorum

83 1056 462 1097 monasteriorum
516 1056 561 1096 in
615 1055 713 1096 loco
764 1055 820 1096 de
872 1054 985 1096 Sion
1040 1062 1423 1108 nuncupatorum,
1479 1066 1616 1106 super

81 1125 299 1166 omnibus
366 1132 408 1165 et
477 1124 677 1178 singulis
742 1123 924 1164 casibus
989 1123 1130 1164 eciam
1200 1123 1296 1164 sedi
1366 1121 1616 1175 apostolice

83 1193 337 1244 reseruatis‚
407 1206 584 1234 necnon
649 1192 1016 1247 quibuscumque
1081 1191 1287 1233 censuris
1354 1198 1396 1231 et
1465 1189 1612 1243 penis,

82 1262 252 1317 quibus
298 1275 492 1315 persone
542 1261 638 1314 ipse
686 1268 764 1301 aut
810 1260 1012 1313 ipsarum
1062 1259 1218 1313 aliqua
1268 1258 1421 1299 forsan
1477 1258 1616 1311 ligate

81 1338 231 1372 essent
256 1331 420 1372 missas
444 1338 485 1371 et
509 1330 598 1371 alia
621 1329 781 1371 diuina
803 1328 965 1379 officia,
992 1342 1083 1369 non
1106 1336 1257 1369 tamen
1283 1328 1328 1367 in
1351 1331 1614 1378 contemptu

82 1399 296 1450 clauium,
333 1398 604 1440 celebrando
639 1398 711 1439 uel
740 1397 975 1438 miscendo
1002 1410 1050 1438 se
1081 1396 1171 1437 illis
1203 1400 1539 1446 contraxerunt,
1574 1402 1616 1435 et

82 1474 316 1522 presentes
342 1480 525 1522 quoque
549 1479 741 1520 persone
771 1466 974 1518 ipsorum
1002 1465 1397 1515 monasteriorum,
1429 1464 1507 1518 qui
1533 1475 1616 1516 pro

81 1544 284 1590 tempore
311 1542 454 1584 erunt,
483 1535 594 1588 ipsis
619 1542 770 1575 tamen
801 1534 928 1588 prius
950 1533 1008 1574 ad
1040 1540 1220 1586 tempus
1249 1532 1304 1573 de
1335 1546 1426 1586 quo
1454 1543 1614 1572 secun-

83 1604 193 1645 dum
225 1603 429 1658 regulam
460 1603 606 1656 ipsius
630 1601 805 1642 ordinis
834 1608 875 1642 et
906 1600 1051 1641 eidem
1083 1600 1300 1652 episcopo
1332 1598 1561 1640 indebitus
1589 1611 1616 1637 a

82 1686 270 1714 suorum
294 1671 508 1713 ordinum
534 1669 805 1711 execucione
827 1668 1080 1721 suspensis,
1107 1667 1311 1708 iniuncta
1332 1681 1419 1722 que
1445 1665 1615 1708 eisdem

82 1740 291 1795 personis
310 1748 351 1781 et
370 1753 524 1780 earum
542 1739 725 1780 cuilibet
744 1751 829 1792 pro
845 1737 982 1778 modo
1001 1737 1133 1790 culpe
1153 1736 1410 1790 penitencia
1428 1733 1615 1776 salutari

82 1815 124 1848 et
173 1808 366 1862 aliisque
417 1807 473 1847 de
526 1807 620 1847 iure
673 1806 856 1846 fuerunt
908 1804 1206 1858 iniungenda,
1259 1815 1397 1855 super
1448 1801 1618 1856 quibus

84 1875 290 1916 moderni
341 1873 543 1927 episcopi
595 1871 949 1922 Londoniensis,
1002 1878 1043 1912 et
1091 1871 1233 1912 eciam
1284 1883 1367 1924 pro
1414 1877 1618 1921 tempore

82 1943 319 1985 existentis
360 1941 691 1984 conscienciam
735 1953 979 1981 oneramus
1021 1939 1177 1980 eadem
1218 1938 1483 1979 auctoritate
1526 1937 1616 1977 dis-

83 2024 274 2065 pensare
306 2010 467 2052 ualeat.
535 2008 591 2048 Et
621 2009 763 2049 eciam
795 2020 978 2048 omnem
1013 2005 1326 2047 inhabilatatis
1355 2012 1397 2045 et
1429 2004 1617 2045 infamie

86 2078 310 2119 maculam
343 2077 441 2118 siue
472 2083 642 2127 notam,
677 2089 757 2129 per
787 2075 911 2127 ipsas
940 2080 1017 2114 aut
1049 2073 1251 2126 ipsarum
1277 2072 1480 2127 aliquam
1510 2083 1618 2126 qua-

86 2160 281 2201 cumque
308 2145 365 2186 de
394 2158 531 2186 causa
555 2149 847 2194 contractam,
876 2141 1069 2192 aboleat,
1101 2142 1315 2195 ipsasque
1345 2147 1387 2181 et
1415 2141 1618 2192 ipsarum

84 2215 271 2256 alteram
316 2214 361 2254 in
404 2213 649 2267 pristinum
690 2218 857 2253 statum
906 2223 1121 2263 reponere
1166 2209 1329 2259 ualeat,
1374 2208 1619 2250 concedere

84 2282 342 2338 dignemini
372 2282 631 2323 facultatem
661 2280 716 2321 de
742 2279 896 2335 gracia
922 2277 1120 2332 speciali,
1149 2277 1330 2319 statutis
1357 2284 1400 2318 et
1427 2288 1617 2319 consue-

86 2350 328 2392 tudinibus
349 2362 401 2390 ac
426 2348 582 2403 regula
609 2348 756 2401 ipsius
782 2346 971 2397 ordinis,
1005 2358 1181 2386 necnon
1209 2343 1621 2386 constitucionibus

86 2427 128 2461 et
161 2417 538 2460 ordinacionibus
569 2416 836 2470 apostolicis
860 2414 1110 2468 ceterisque
1144 2413 1381 2454 contrariis
1416 2425 1507 2453 non
1540 2411 1619 2453 ob-

85 2486 314 2528 stantibus
346 2485 730 2539 quibuscumque.

144 2551 546 2604 Item,beatissime
566 2557 706 2605 pater,
722 2563 823 2591 cum
843 2548 1018 2589 dudum
1039 2546 1462 2601 regulasanctarum
1476 2544 1620 2586 Marie

87 2621 301 2677 Uirginis
329 2628 371 2662 et
401 2620 591 2675 Brigide
622 2620 667 2659 in
702 2618 951 2664 Uadstena,
981 2615 1157 2657 ordinis
1187 2615 1331 2656 sancti
1363 2612 1616 2669 Augustini

88 2690 233 2732 sancti
255 2687 511 2730 Saluatoris
530 2683 976 2737 nuncupatai‚aDeo
994 2682 1154 2724 celitus
1171 2683 1290 2732 data,
1303 2681 1413 2722 olim
1433 2695 1460 2722 a
1480 2679 1622 2736 quod-

86 2759 191 2800 dam
205 2757 398 2799 Urbano
409 2755 475 2796 VI
490 2768 576 2808 pro
589 2754 803 2795 Romano
817 2751 1031 2806 pontifice
1052 2752 1096 2792 in
1120 2765 1202 2793 sua
1223 2750 1490 2792 obediencia
1504 2761 1619 2790 nun-
