1809 3036
584 215 742 251 HUGH
775 215 842 250 OF
873 215 914 249 S.
948 213 1149 249 VICTOR
1586 224 1630 258 57

104 331 194 372 illo.
274 331 407 373 Illum
441 332 535 380 tibi,
568 340 609 372 et
646 339 687 373 te
724 331 786 372 illi
823 331 977 385 dilige,
1011 330 1131 371 dona
1171 329 1292 372 illius
1327 331 1385 371 ab
1425 329 1503 370 illo
1531 329 1625 378 tibi,

102 406 285 452 propter
313 406 371 439 te.
449 398 576 441 Haec
612 413 724 453 pura
758 406 800 439 et
830 406 951 440 casta
984 397 1167 439 dilectio
1199 405 1278 448 est,
1315 397 1428 437 nihil
1458 397 1627 438 habeas

101 466 349 513 sordidum,
374 465 487 506 nihil
507 480 726 515 amarum,
746 466 858 507 nihil
882 465 1205 513 transitorium,
1227 465 1390 506 decora
1412 464 1627 512 castitate,

99 533 301 589 jucunda
327 533 579 582 dulcedine,
608 534 758 575 stabili
787 533 1100 575 aeternitate.'‘
1120 533 1135 557 1
1198 532 1298 574 The
1329 532 1511 586 rhythm
1537 531 1629 572 and

102 601 376 656 vocabulary
405 601 450 641 in
479 601 570 642 this
598 602 689 642 and
722 602 850 643 other
880 614 1100 655 passages
1127 614 1235 656 very
1267 600 1404 642 much
1435 606 1629 654 suggest

105 668 251 716 Rolle,
274 668 364 709 and
391 668 568 710 Rolle‘s
592 669 789 724 thought
816 669 853 710 is
879 669 923 709 in
950 682 1088 725 many
1114 669 1266 722 places
1292 682 1344 710 so
1368 668 1553 715 similar,
1578 680 1631 708 as

102 742 148 777 to
171 743 364 790 suggest
390 735 445 776 he
473 750 565 778 was
594 737 728 778 much
755 736 1009 778 influenced
1036 736 1097 792 by
1126 736 1217 778 this
1243 736 1383 778 work.
1448 736 1500 776 In
1526 749 1625 789 cap.

103 815 156 854 29
190 802 245 844 he
283 816 386 845 uses
429 803 622 844 “arra’'
659 811 706 844 to
743 817 928 858 express
966 804 1040 845 the
1071 811 1314 845 sweetness
1353 803 1545 859 granted
1584 810 1631 844 to

101 870 474 924 contemplatives
508 871 640 912 while
672 872 763 913 still
797 885 855 913 on
886 872 1041 913 earth:
1085 872 1290 913 “Anima
1318 879 1468 913 autem
1499 871 1630 912 relin-

99 950 244 992 quens
265 938 509 979 stulticiam
533 938 677 993 iniqui
701 939 870 980 amoris
894 938 1016 980 uiam
1041 946 1135 980 arte
1160 939 1251 981 uite
1278 939 1545 993 ingreditur,
1576 938 1622 978 in

99 1019 188 1061 qua
209 1020 308 1046 arra
325 1006 582 1047 dulcedinis
603 1019 799 1060 superne
821 1007 912 1047 uite
932 1007 1095 1059 raptim
1118 1005 1381 1061 gustatur.‘’
1444 1007 1495 1047 In
1519 1019 1619 1060 cap.

97 1084 150 1126 37
186 1073 241 1114 he
278 1074 485 1127 explains
522 1074 617 1114 that
656 1074 843 1116 “iscius
882 1075 1004 1115 modi
1046 1081 1202 1127 raptus
1241 1087 1439 1128 magnus
1478 1081 1544 1114 est
1582 1080 1623 1114 et

102 1141 347 1192 mirabilis3
384 1142 560 1183 excellit
583 1156 792 1197 namque,
819 1150 866 1184 ut
888 1142 1094 1190 arbitror,
1117 1155 1277 1183 omnes
1297 1141 1505 1183 acciones
1526 1140 1630 1189 uite,

98 1208 204 1263 quia
224 1209 418 1263 quedam
436 1209 724 1263 pregustacio
743 1209 977 1251 estimatur
995 1209 1234 1251 suauitatis
1253 1216 1402 1250 eterne
1420 1210 1485 1263 (p.
1507 1208 1624 1262 256).

103 1277 218 1319 This
240 1278 277 1318 is
299 1277 472 1318 similar
489 1285 536 1318 to
555 1277 604 1319 S.
632 1277 822 1333 Hugh‘s
849 1277 876 1293 “
895 1276 1031 1318 Venit
1052 1277 1277 1332 (dilectus)
1302 1290 1392 1317 non
1416 1284 1464 1318 ut
1485 1283 1630 1317 totum

104 1344 314 1386 infundat
337 1358 397 1392 se,
419 1345 498 1386 sed
520 1352 566 1386 ut
584 1345 865 1400 gustandum
889 1344 1102 1398 praebeat
1123 1344 1223 1386 se.'’
1278 1343 1412 1385 Rolle
1435 1343 1634 1397 perhaps

102 1411 200 1453 also
241 1411 377 1453 refers
417 1419 463 1453 to
506 1411 653 1467 Hugh
694 1411 743 1453 of
781 1412 832 1453 S.
874 1411 1074 1453 Victor’s
1116 1419 1326 1453 sentence
1372 1411 1527 1452 “Non
1566 1417 1633 1452 est

105 1479 348 1530 solitarius,
369 1493 474 1521 cum
498 1493 590 1534 quo
611 1487 677 1520 est
698 1479 878 1530 Deus‚''
899 1479 916 1504 2
940 1480 985 1520 in
1009 1479 1080 1521 his
1104 1480 1252 1521 words
1279 1480 1306 1496 “
1330 1479 1501 1520 Dicunt
1528 1479 1536 1496 ‘
1560 1477 1632 1519 Ue

102 1546 217 1595 soli,’
251 1560 341 1588 non
374 1554 654 1601 exponentes
680 1547 828 1589 solum
865 1547 990 1588 ‘sine
1025 1547 1154 1596 Deo,’
1185 1547 1264 1589 sed
1297 1547 1424 1588 ‘sine
1454 1545 1631 1595 socio'3

102 1613 177 1655 ille
203 1614 324 1655 enim
352 1615 477 1656 solus
504 1622 582 1663 est,
611 1628 714 1657 cum
744 1629 834 1670 quo
862 1615 988 1657 Deus
1018 1628 1108 1656 non
1136 1614 1286 1656 est.''³

102 1727 153 1770 S.
187 1728 402 1770 ANSELM.

41 1849 43 1851 ι
160 1794 268 1836 Part
286 1796 333 1836 of
354 1810 380 1836 a
401 1796 526 1836 letter
544 1797 592 1837 of
614 1795 663 1837 S.
688 1795 879 1838 Anselm
900 1796 949 1837 of
969 1795 1257 1851 Canterbury
1277 1795 1372 1844 has,
1394 1797 1455 1851 by
1477 1810 1504 1836 a
1524 1808 1633 1850 very

102 1862 225 1918 early
248 1863 411 1903 scribal
437 1876 571 1910 error,
595 1864 709 1904 been
736 1863 1051 1916 incorporated
1075 1864 1119 1903 in
1148 1864 1277 1904 those
1303 1870 1497 1906 extracts
1516 1863 1632 1904 from

106 1929 182 1971 the
204 1930 476 1971 Incendium
503 1930 651 1972 which
678 1944 730 1972 so
754 1930 879 1972 often
907 1944 1042 1971 occur
1069 1931 1114 1971 in
1143 1930 1399 1971 connexion
1427 1930 1535 1972 with
1560 1929 1637 1972 the

102 1996 228 2038 short
257 1997 373 2038 form
405 1997 452 2038 of
477 1997 552 2038 the
575 2005 682 2038 text.
746 1997 845 2039 The
876 1998 1002 2038 letter
1033 1998 1258 2051 begins‘L:

162 2064 459 2113 “Anselmus,
479 2065 864 2119 archiepiscopus,
888 2066 1037 2107 amico
1058 2073 1099 2106 et
1124 2065 1219 2107 filio
1240 2079 1325 2107 suo
1349 2065 1565 2114 Roberto,
1592 2071 1634 2108 et

102 2132 335 2173 sororibus
363 2139 404 2172 et
433 2132 614 2174 filiabus
643 2133 739 2174 suis
765 2133 1072 2176 dilectissimis
1102 2133 1212 2185 Seit,
1247 2133 1365 2182 Edit,
1395 2141 1438 2174 et
1471 2133 1632 2188 Hydit,

104 2198 331 2246 Luverim,
372 2198 537 2254 Virgit‚
572 2199 723 2249 Godit‚
757 2200 948 2242 salutem
988 2208 1030 2242 et
1067 2201 1429 2242 benedictionem
1471 2201 1557 2241 Dei
1591 2207 1633 2241 et

102 2279 245 2314 suam,
291 2266 329 2307 si
378 2267 488 2321 quid
532 2266 698 2316 valet,”
737 2300 745 2308 .
784 2301 792 2308 .
833 2300 841 2309 .
880 2300 888 2309 .
926 2268 1130 2310 “Poscit
1175 2276 1324 2310 vestra
1370 2282 1472 2310 cara
1520 2268 1632 2309 mihi

102 2333 296 2382 dilectio,
317 2333 436 2375 filiae
460 2334 732 2383 carissimae,
758 2343 805 2377 ut
826 2335 1027 2390 aliquam
1052 2336 1185 2378 vobis
1206 2337 1401 2378 scribam
1426 2336 1632 2377 admoni-

98 2401 268 2442 tionem
309 2415 424 2456 quae
459 2416 542 2443 vos
573 2402 732 2445 doceat
771 2410 812 2443 et
850 2404 1067 2444 accendat
1105 2404 1164 2445 ad
1204 2405 1319 2445 bene
1358 2404 1621 2454 vivendum,

104 2469 315 2523 quamvis
376 2470 612 2512 vobiscum
677 2470 881 2512 habeatis
940 2471 1154 2513 dilectum
1219 2471 1363 2512 filiurn
1427 2478 1631 2512 nostrum

106 2535 373 2585 Robertum,
404 2538 475 2578 cui
510 2537 636 2579 Deus
669 2538 921 2592 inspiravit,
952 2546 998 2580 ut
1030 2539 1166 2580 vestri
1199 2552 1352 2580 curam
1380 2538 1632 2580 secundum

164 2637 191 2666 1.
219 2635 352 2668 Patrol.
378 2635 471 2672 Lat„
495 2635 627 2675 clxxvi,
652 2639 723 2669 955.

163 2679 192 2708 2.
220 2677 329 2715 Ibid„
356 2689 389 2719 p.
419 2680 491 2712 954.

162 2722 191 2752 3.
218 2721 437 2762 Incendium,
458 2733 493 2764 p.
520 2724 590 2754 180.

163 2765 192 2796 4.
220 2763 353 2806 Migne‚
377 2765 511 2798 Patrol.
537 2766 630 2804 Lat„
655 2765 738 2808 clix,
764 2767 834 2799 167.
883 2767 1043 2808 Epistola
1077 2766 1226 2800 cxxxiii.
