1881 2985
222 222 289 266 246
557 224 669 262 THE
698 225 1043 262 MEDITATION
1075 226 1143 261 OF
1174 227 1210 260 A
1241 226 1424 264 LOVER

217 339 273 379 ad
291 346 488 393 te‚aquo
503 340 596 381 solo
621 354 755 393 spero
779 354 850 382 me
874 341 1094 382 solacium
1123 342 1464 397 remediumque
1488 343 1750 385 uisurum.’‘

281 407 457 449 Interea
494 409 597 463 quis
633 408 744 448 mihi
782 408 1092 449 modulabitur
1129 408 1265 450 finem
1298 423 1518 463 erumpne
1555 423 1664 458 mee,
1699 422 1751 451 ac

220 476 464 517 terminum
488 476 532 516 in
552 475 896 530 tranquilitate?
960 475 1107 517 Immo
1129 484 1171 517 et
1192 477 1297 530 quis
1318 476 1429 517 mihi
1452 474 1751 518 annunciabit

219 543 378 597 gaudii
409 543 496 584 mei
522 544 869 598 plenitudinem,
898 557 951 584 ac
977 543 1140 584 cantici
1171 544 1586 592 consumacionem,
1618 551 1667 585 ut
1696 557 1750 585 ex

219 609 310 652 hiis
358 610 499 651 eciam
549 611 799 664 acciperem
849 610 1216 652 consolacionem
1266 618 1308 652 et
1358 611 1595 653 iubilarem
1646 625 1748 653 cum

218 676 509 728 iocunditate,
564 691 619 719 eo
665 677 788 732 quod
837 691 1134 732 agnoscerem
1182 692 1319 733 quam
1371 691 1514 732 prope
1564 678 1622 720 sit
1673 678 1749 719 illa

86 748 111 782 f.
130 749 195 783 49b
216 744 440 797 perfeccio
481 752 522 785 et
565 744 669 785 finis
708 744 986 786 infelicitatis
1026 745 1158 786 mee?
1279 745 1417 787 Unde
1454 745 1747 787 excellentem

215 812 393 853 ederem
423 813 681 861 clamorem,
712 820 753 853 et
784 826 875 853 uox
907 826 1006 853 mea
1035 813 1173 854 amati
1201 814 1289 854 mei
1319 813 1541 855 duriciam
1572 813 1747 855 demul-

213 886 329 919 ceret
352 879 568 933 quatinus
589 879 627 920 si
650 879 865 934 flagellat,
888 879 1064 921 occidat
1082 880 1221 921 semel
1243 887 1284 920 et
1304 880 1524 934 paulatim
1548 881 1748 936 puniens

203 946 261 987 de
288 947 423 1000 penis
455 947 773 989 innocencium
805 961 896 988 non
927 961 1107 1001 semper
1140 947 1310 989 rideat!
1379 948 1559 991 Exhinc
1587 957 1746 1004 potero

204 1014 426 1068 predicari
456 1014 578 1065 felix,
611 1021 652 1055 et
680 1014 1027 1055 amenissimum
1054 1014 1224 1056 amoris
1252 1015 1466 1056 haustum
1491 1015 1589 1057 sine
1617 1015 1742 1056 omni

205 1081 502 1122 immundicia
549 1082 777 1122 internum
817 1081 1006 1131 habere3
1050 1088 1186 1135 atque
1227 1080 1465 1135 angusciis
1504 1093 1744 1134 usquaque

210 1147 469 1196 eliminatis,
509 1148 756 1190 subsistere
796 1149 841 1189 in
875 1148 1160 1203 perfeccione
1197 1149 1464 1197 sanctitatis,
1503 1156 1545 1190 et
1583 1148 1743 1205 gaudii

203 1214 362 1256 laudes
405 1229 658 1268 perso-nans
704 1229 807 1256 cum
849 1216 986 1257 celica
1025 1215 1319 1270 symphonia,
1366 1215 1741 1270 quandoquidem

203 1282 344 1323 eciam
374 1282 488 1323 inter
513 1282 597 1324 has
624 1296 839 1323 erumnas
864 1296 1030 1337 egens;
1061 1282 1282 1323 exultauit
1308 1283 1426 1323 intra
1452 1296 1616 1323 arcana
1642 1294 1744 1322 mea

208 1349 378 1391 amoris
423 1349 560 1390 ardor
609 1349 879 1403 almiphoni,
932 1358 974 1391 et
1040 1349 1307 1390 medullitus
1373 1347 1542 1389 mellita
1604 1346 1740 1387 Ihesu

209 1417 440 1464 memoria,
475 1418 605 1472 quasi
641 1432 743 1459 cum
775 1418 950 1459 musico
984 1425 1181 1458 mentem
1213 1431 1360 1458 meam
1396 1417 1653 1468 mirificant,
1692 1422 1741 1456 ut

209 1484 481 1525 iocundatus
515 1485 758 1539 granditus
792 1485 836 1524 in
870 1485 1012 1526 iubilo
1047 1499 1182 1539 quem
1217 1499 1271 1526 ex
1298 1485 1511 1538 supernis
1544 1483 1739 1537 suscepi,

207 1564 298 1592 non
340 1552 552 1593 sentirem
593 1560 865 1593 uenenatam
900 1553 1189 1593 dulcedinem
1230 1552 1421 1607 indigne
1460 1552 1738 1599 dileccionis,

207 1632 344 1673 quam
379 1633 568 1660 suauem
603 1620 772 1661 habent
802 1621 879 1675 qui
913 1620 1073 1661 florent
1104 1621 1149 1660 in
1185 1621 1331 1661 forma
1363 1621 1527 1671 carnis,
1565 1632 1738 1675 necque

207 1685 467 1726 turbulenta
486 1687 721 1728 terrenitas
745 1701 815 1727 me
838 1694 1021 1728 teneret.

263 1752 305 1795 O
326 1754 662 1807 speciosissime
681 1754 695 1778 1
714 1761 759 1794 et
777 1754 1073 1808 preamabilis
1091 1754 1136 1794 in
1155 1754 1315 1795 decore
1335 1761 1426 1802 tuo,
1450 1753 1737 1796 reminiscere

205 1825 328 1880 quod
353 1832 538 1879 propter
560 1832 602 1865 te
627 1825 934 1866 transitoriam
958 1832 1226 1879 potestatem
1252 1839 1343 1866 non
1367 1824 1511 1871 timui,
1539 1837 1736 1865 memen-

203 1899 340 1946 toque
397 1892 629 1946 quomodo
683 1899 731 1932 ut
787 1892 868 1932 tibi
925 1891 1202 1940 adhererem,
1253 1906 1436 1933 omnem
1493 1893 1736 1934 abiecerim

203 1972 420 2009 amorem,
464 1959 541 2013 qui
577 1959 703 2000 illicit
742 1959 948 2000 incautos
985 1959 1043 1999 ad
1082 1959 1237 2000 omnia
1277 1973 1364 2014 que
1404 1960 1661 2013 impediunt
1693 1967 1736 2001 te

206 2025 356 2067 Deum
405 2026 621 2080 diligere3
668 2033 710 2066 et
757 2026 946 2080 fugaces
990 2026 1187 2081 fugerim
1233 2026 1600 2080 pulchritudines
1649 2041 1737 2082 que

203 2093 412 2145 captiuos
435 2092 609 2133 ducunt
638 2092 775 2141 uiros,
804 2100 846 2133 et
877 2093 1167 2135 mulierculas
1198 2094 1382 2135 mittunt
1413 2095 1458 2135 in
1490 2095 1734 2136 maliciam.

204 2157 300 2199 Nec
329 2159 500 2213 placuit
531 2160 644 2200 mihi
676 2161 900 2201 iuueniles
928 2174 1132 2202 exercere
1160 2161 1295 2210 iocos,
1327 2162 1405 2216 qui
1436 2176 1517 2216 per
1547 2162 1734 2216 impuri-

201 2234 337 2269 tatem
361 2228 589 2282 ingenuos
612 2229 793 2271 animos
814 2230 1081 2283 insipiencie
1103 2231 1335 2272 subiciunt
1358 2231 1582 2273 seruituti.
1626 2231 1733 2272 Tibi

201 2296 419 2350 deinceps
446 2310 536 2338 non
567 2298 741 2339 cessaui
770 2298 982 2340 exhibere
1005 2312 1080 2340 cor
1107 2306 1276 2340 tactum
1306 2300 1556 2351 desiderio3
1586 2300 1666 2342 sed
1691 2307 1733 2341 et

202 2368 247 2402 tu
278 2362 463 2403 tenuisti
491 2363 619 2414 illud,
652 2371 700 2404 ut
729 2378 821 2405 non
850 2364 1066 2406 deflueret
1096 2365 1141 2405 in
1172 2366 1379 2408 diuersas
1406 2367 1732 2420 concupiscen-

198 2428 371 2470 ciarum
404 2429 731 2482 desolaciones,
772 2438 813 2471 et
850 2431 1078 2473 immisisti
1110 2433 1376 2473 memoriam
1414 2434 1616 2475 nominis
1650 2433 1730 2482 tui,

200 2493 536 2550 fenestramque
559 2497 966 2550 contemplacionis
982 2498 1116 2539 oculo
1130 2498 1389 2551 aperuisti.2
1426 2502 1624 2542 Demum
1648 2500 1730 2541 tibi

89 2558 117 2591 f.
134 2560 177 2592 50
198 2557 393 2600 deuotus
427 2561 603 2601 cucurri
642 2561 687 2601 in
727 2575 963 2613 canorem3
997 2562 1076 2604 sed
1116 2564 1244 2617 prius
1283 2564 1469 2606 incaluit
1507 2578 1585 2606 cor
1621 2566 1728 2620 igne

197 2626 379 2674 amoris,
404 2633 447 2666 et
472 2627 517 2666 in
541 2641 751 2669 amorosa
770 2630 975 2671 carmina
1001 2630 1118 2670 intra
1142 2644 1215 2671 me
1239 2631 1383 2684 erupi.
1448 2630 1499 2672 Si
1525 2632 1610 2673 ista
1636 2645 1726 2672 non

196 2693 439 2735 abstuleris
461 2702 706 2748 conspectu
735 2703 826 2744 tuo,
857 2704 1057 2738 moneret
1086 2706 1128 2738 te
1157 2698 1403 2740 multitudo
1431 2699 1614 2753 pietatis
1637 2712 1727 2754 qua

257 2783 284 2812 1.
315 2781 365 2823 (k)
390 2782 407 2795 ‘⁴
424 2782 683 2824 sponsissime.’'
768 2786 799 2817 2.
828 2784 882 2819 Cf.
898 2796 931 2828 p.
954 2787 1051 2819 189n.
