1881 2985
264 163 329 207 198
545 163 656 201 THE
684 164 879 201 PRAISE
907 165 1021 198 AND
1051 164 1244 201 POWER
1274 164 1341 199 OF
1370 164 1514 202 LOVE

263 279 456 334 [Omnis
477 280 634 329 uirtus,
656 281 694 322 si
717 281 934 322 ueraciter
952 281 1097 322 uirtus
1118 280 1315 329 dicitur,l
1338 288 1515 335 oportet
1534 282 1633 324 sine
1652 281 1796 323 dubio

261 348 384 402 quod
422 348 467 388 in
503 348 685 389 caritate
723 348 959 388 radicetur.
1041 347 1145 388 Non
1182 348 1304 389 enim
1339 349 1541 403 aliquam
1579 349 1792 390 uirtutem

258 421 409 456 tenere
438 415 585 469 potuit
612 415 689 470 qui
719 415 864 468 ipsam
897 415 942 454 in
971 428 1125 455 amore
1157 414 1243 456 Dei
1272 428 1362 456 non
1394 416 1633 469 plantauit.
1698 415 1791 471 Qui

258 495 368 522 uero
399 482 497 524 sine
528 495 682 523 amore
711 482 797 522 Dei
828 482 1018 523 uirtutes
1050 488 1127 522 aut
1155 482 1277 523 bona
1309 495 1447 536 opera
1480 482 1782 536 multiplicat:

258 548 388 602 quasi
440 549 485 589 in
538 549 746 589 latrinam
796 549 894 589 sine
944 548 1091 590 fundo
1138 548 1315 602 lapides
1359 549 1591 603 preciosos
1639 551 1789 591 iactat.

258 615 556 657 Manifestum
608 622 675 656 est
726 615 846 656 enim
896 615 1003 670 quia
1048 615 1206 656 omnia
1256 629 1528 671 quecunque
1580 617 1792 659 homines

258 682 440 731 faciant,
472 683 516 723 in
546 682 635 724 fine
662 683 720 723 ad
750 683 1092 737 percipiendam
1122 682 1313 724 salutern
1344 697 1435 724 non
1466 684 1723 733 adiuuant,2
1749 685 1788 727 si

256 750 301 790 in
323 750 505 792 caritate
529 750 614 790 Dei
639 757 680 790 et
703 750 900 804 proximi
925 751 1044 792 facta
1068 764 1159 791 non
1184 751 1476 792 consistant.3
1536 750 1655 793 Cum
1678 764 1791 806 ergo

258 817 421 859 caritas
444 818 543 859 sola
565 818 623 859 sit
646 831 733 872 que
758 831 842 859 nos
864 818 1022 860 beatos
1046 817 1165 864 facit,
1191 817 1333 860 cicius
1354 818 1626 861 deberemus
1647 819 1789 859 uitam

145 900 170 935 f.
189 902 233 934 33
259 892 459 926 nostram
492 885 608 926 uelle
632 885 870 936 amitteret,
901 899 1038 940 quam
1068 886 1139 926 uel
1168 892 1317 926 mente
1346 886 1418 926 uel
1448 899 1524 926 ore
1555 884 1627 926 uel
1653 896 1790 938 opere

252 953 482 994 caritatem
514 953 700 994 uiolare.
762 953 814 993 In
846 952 929 994 hac
954 953 1158 1008 gaudent
1185 960 1419 1000 certantes,
1450 953 1495 992 in
1526 952 1609 994 has
1631 964 1788 994 coron-

249 1028 383 1061 antur
406 1018 792 1074 triumphantes]
854 1019 1155 1074 Imperfectus
1176 1027 1242 1061 est
1263 1026 1415 1060 autern
1437 1020 1588 1062 omnis
1613 1018 1789 1062 christi-

251 1101 369 1129 anus
415 1087 492 1143 qui
540 1088 729 1129 terrenis
774 1087 958 1129 diuiciis
1002 1087 1251 1129 dileccione
1292 1087 1491 1134 adheret,
1538 1085 1611 1127 uel
1649 1084 1786 1127 alicui

252 1155 474 1196 mundiali
504 1156 675 1196 solacio
702 1155 1077 1210 conglutinatur:
1117 1155 1224 1209 quia
1257 1168 1347 1196 non
1377 1154 1611 1195 renunciat
1640 1152 1786 1195 omni-

248 1219 330 1260 bus
344 1237 429 1276 que
454 1223 672 1277 possidet,
687 1222 785 1263 sine
805 1236 897 1277 quo
917 1223 975 1263 ad
997 1221 1350 1277 perfeccionem4
1375 1235 1508 1262 nemo
1530 1219 1789 1276 pertingit.5

312 1291 429 1333 Cum
465 1305 575 1333 uero
607 1292 710 1347 quis
746 1292 895 1332 Deum
931 1291 1127 1347 perfecte
1159 1290 1352 1331 intendit
1385 1289 1577 1343 diligere
1615 1285 1787 1338 ‚omnia

251 1367 342 1400 tarn
368 1360 556 1401 interius
580 1372 717 1414 quarn
740 1359 938 1400 exterius
962 1372 1049 1414 que
1072 1358 1217 1399 amori
1240 1358 1402 1399 diuino
1419 1364 1526 1398 sunt
1546 1353 1786 1401 contraria,

251 1434 292 1467 et
313 1428 370 1469 ab
392 1440 546 1468 amore
568 1427 665 1468 eius
690 1426 958 1480 impediunt,
980 1426 1131 1468 studet
1155 1439 1380 1474 amouere,
1403 1425 1474 1478 [et
1498 1432 1547 1466 ut
1572 1424 1658 1465 hoc
1683 1421 1787 1477 quis

251 1507 355 1535 uere
394 1494 541 1542 faciat,
580 1507 797 1548 magnam
831 1493 1126 1548 diligenciam
1158 1493 1335 1541 habeat,
1374 1493 1482 1547 quia
1520 1492 1565 1532 in
1603 1490 1788 1546 agendo

251 1575 419 1616 graues
463 1561 702 1603 conflictus
746 1561 1005 1603 sustinebit.
1097 1560 1262 1602 Postea
1307 1572 1417 1601 uero
1461 1559 1785 1601 suauissimam

253 1628 453 1683 requiem
491 1628 691 1669 inueniet
727 1629 771 1669 in
808 1628 894 1669 hoc
929 1628 1052 1683 quod
1084 1628 1297 1682 quesiuit.
1362 1627 1646 1668 Audiuimus
1678 1638 1788 1667 uero

252 1696 375 1751 quod
401 1703 499 1737 arta
525 1703 591 1738 est
619 1696 694 1737 uia
726 1710 814 1751 que
845 1696 969 1737 ducit
998 1696 1056 1737 ad
1082 1696 1239 1736 uitam.
1307 1695 1405 1736 Hec
1435 1702 1502 1736 est
1534 1695 1610 1735 uia
1641 1693 1785 1748 penit-

251 1763 377 1804 encie
415 1777 552 1818 quam
588 1764 721 1818 pauci
761 1764 1047 1810 inuenerunt,
1085 1776 1172 1817 que
1210 1762 1313 1803 ideo
1344 1762 1521 1810 dicitur,
1562 1761 1670 1816 quia
1706 1773 1786 1814 per

252 1830 375 1871 illam
399 1832 437 1872 si
464 1838 581 1871 recta
603 1831 674 1878 sit,
701 1844 805 1872 caro
824 1831 881 1872 ab
904 1830 1125 1871 illecebris
1148 1837 1190 1871 et
1214 1830 1384 1871 solacio
1409 1829 1570 1870 mundi
1591 1828 1785 1876 exuitur,

250 1906 293 1938 et
331 1898 486 1939 anima
524 1912 551 1938 a
594 1911 738 1952 praua
781 1897 1085 1939 delectacione
1124 1910 1175 1937 ac
1220 1897 1457 1937 immunda
1500 1896 1785 1951 cogitacione

251 1965 552 2020 restringitur,
594 1972 635 2006 et
672 1965 965 2006 solummodo
1004 1964 1160 2006 diuine
1196 1964 1435 2005 dileccioni
1478 1964 1783 2017 mancipatur.

251 2032 343 2074 Sed
368 2032 453 2074 hoc
477 2047 575 2074 raro
595 2032 826 2073 inuenitur
848 2032 891 2072 in
918 2031 1196 2082 hominibus,
1221 2031 1328 2086 quia
1352 2030 1506 2072 nullus
1526 2045 1643 2085 pene
1664 2029 1785 2085 sapit

250 2113 302 2140 ea
335 2113 422 2155 que
454 2100 540 2141 Dei
574 2107 681 2141 sunt
713 2100 792 2142 sed
822 2108 1049 2140 terrenum
1081 2098 1302 2153 gaudium
1339 2106 1547 2153 querunt,
1578 2108 1620 2140 et
1654 2099 1699 2139 in
1731 2111 1786 2140 eo

249 2166 544 2208 delectantur.
612 2166 749 2208 Unde
777 2167 1081 2220 appetitiuum
1106 2165 1410 2207 ⁶sensitiuum
1440 2166 1713 2221 frequentes,
1743 2173 1785 2207 et

250 2234 577 2275 intellectiuum
614 2234 923 2289 neglegentes,
959 2247 1142 2274 omnem
1178 2233 1299 2274 uiam
1327 2233 1479 2274 anime
1512 2245 1592 2273 sue
1626 2228 1783 2272 saluti-

250 2301 391 2342 feram
421 2302 702 2343 detestantur
731 2309 773 2342 et
801 2301 1061 2348 abhorrent,
1088 2307 1306 2354 tanquam
1335 2307 1478 2340 artam
1509 2306 1549 2340 et
1574 2308 1782 2351 asperam

251 2375 293 2409 et
321 2368 669 2409 intollerabilem
692 2382 773 2410 sue
798 2369 1038 2422 uoluptati.

311 2479 338 2509 1.
369 2478 415 2519 (α)
444 2477 600 2509 “Omnis
636 2477 752 2509 uirtus
789 2477 866 2509 sine
904 2487 945 2508 ea
976 2477 1149 2508 ueraciter
1185 2487 1255 2508 non
1287 2476 1421 2508 dicitur
1458 2475 1584 2507 uirtus.
1634 2474 1785 2517 Oportet

248 2520 362 2562 igitur
391 2521 465 2553 sine
495 2520 795 2553 dubi0.”—Other
828 2521 931 2553 MSS.
966 2530 1053 2561 vary
1086 2520 1122 2550 in
1153 2519 1257 2551 order
1283 2520 1320 2551 of
1354 2519 1480 2551 words.

308 2567 337 2596 2.
368 2564 410 2606 (j)
436 2564 677 2604 uncorrected,
699 2565 717 2577 ‘⁴
733 2564 935 2596 ordinantrff'
1003 2566 1031 2595 3.
1063 2563 1106 2604 (f)
1131 2563 1236 2595 omits
1258 2562 1334 2595 this
1355 2565 1527 2596 sentence.

308 2611 338 2640 4.
366 2607 455 2640 This
478 2607 574 2640 word
599 2608 751 2649 perhaps
775 2608 937 2648 explains
962 2607 1044 2649 why
1067 2606 1129 2638 the
1155 2606 1284 2638 author
1307 2607 1345 2638 of
1366 2606 1428 2638 the
1450 2605 1549 2638 short,
1574 2607 1655 2638 text,
1679 2604 1783 2637 chose

242 2653 282 2684 to
307 2662 395 2694 copy
419 2651 493 2683 this
516 2653 690 2684 sentence.

311 2698 340 2727 5.
372 2696 416 2737 (f)
442 2695 685 2736 “contingit.''

305 2739 336 2772 6.
366 2740 411 2781 (α)
433 2738 694 2780 *(3ρρεῢ1ἰυιη.”
744 2739 794 2780 (k)
819 2737 1047 2779 “appetitum
1067 2735 1278 2768 sensiuum.'’
