1881 2985
590 194 702 232 THE
743 195 892 233 HOLY
930 196 1154 231 TRINITY
1572 203 1635 246 163

109 308 234 348 ciam.
266 314 307 348 et
358 308 635 351 diuersitatis
677 310 975 351 distinccione
1020 324 1110 351 non
1163 325 1334 364 carens,
1381 316 1631 358 secundum

111 376 320 418 uocabuli
355 378 693 430 proprietatem.
755 378 875 420 Sunt
908 379 1058 433 itaque
1093 386 1181 421 tres
1214 393 1407 433 persone
1439 387 1481 420 et
1514 393 1633 422 unus

111 442 250 490 Deus,
275 456 366 483 una
386 444 600 492 essencia,
627 458 716 485 una
739 445 1012 493 substancia,
1038 460 1128 487 una
1150 447 1323 487 deitas:
1354 454 1397 487 et
1421 447 1633 502 quamuis

109 522 303 562 persona
332 511 580 551 essenciam
613 511 852 566 significet,
887 525 977 552 non
1009 519 1159 553 tamen
1191 513 1298 568 quia
1325 520 1414 555 tres
1441 527 1633 568 persone

108 583 227 627 sunt,
258 576 359 616 ideo
389 583 478 618 tres
512 579 711 619 essencie
747 579 1073 633 intelligantur.
1153 579 1209 620 Et
1246 581 1632 635 quemadmodum

109 641 259 683 Deum
300 650 520 694 nostrum,
564 643 742 685 Patrem
777 652 818 685 et
852 645 1017 686 Filium
1057 653 1098 687 et
1132 645 1355 699 Spiritum
1395 647 1631 697 Sanctum,

111 723 248 751 unam
280 712 525 752 essenciam
576 726 667 752 non
700 720 788 754 tres
821 714 1047 755 essencias
1083 714 1308 756 dicimus:
1353 716 1412 756 ita
1443 716 1633 757 eandem

110 791 336 819 summam
381 778 648 819 Trinitatem
692 787 780 821 tres
822 794 1040 834 personas
1082 794 1171 821 non
1212 795 1349 823 unam
1393 795 1634 836 personam

110 844 330 886 dicemus.

171 911 305 951 Pater
342 912 506 953 dicitur
545 913 650 967 quia
688 913 847 967 genuit
885 913 941 954 de
974 927 1022 954 se
1057 913 1249 964 Filium;
1292 913 1436 955 Filius
1472 913 1638 955 dicitur

112 978 218 1032 quia
239 979 422 1032 genitus
443 987 508 1020 est
528 993 554 1019 a
578 979 734 1029 Patre;
770 979 970 1032 Spiritus
992 979 1201 1028 Sanctus,
1225 980 1331 1035 quia
1351 983 1408 1023 ab
1432 988 1635 1035 utroque,

112 1044 281 1086 scilicet
307 1044 477 1086 Sancto
506 1046 651 1097 Patre,
681 1053 723 1086 et
748 1046 917 1088 Sancto
946 1046 1064 1087 Filio
1091 1047 1300 1099 spiratur.
1364 1047 1511 1099 Pater,
1544 1048 1637 1088 uita
1659 1057 1767 1092 f.26b

108 1111 346 1166 gignendo
367 1111 548 1163 Filium,
574 1110 777 1165 [uitam]‚
800 1113 923 1153 dedit
941 1113 979 1153 ei
1000 1120 1138 1154 totam
1159 1112 1467 1154 substanciam
1488 1125 1634 1164 suam,

110 1185 158 1218 ut
183 1186 336 1219 tantus
361 1179 418 1221 sit
447 1180 581 1220 Pater
607 1181 651 1220 in
681 1181 811 1231 Filio,
840 1188 1038 1235 quantus
1062 1189 1127 1222 est
1152 1182 1197 1221 in
1223 1182 1399 1234 seipso;
1425 1190 1467 1222 et
1495 1182 1638 1224 Filius

114 1260 203 1286 non
227 1246 374 1287 minor
395 1254 461 1288 est
484 1248 528 1287 in
553 1247 685 1288 Patre
707 1261 841 1301 quam
864 1248 909 1288 in
929 1261 1000 1300 se;
1023 1249 1103 1290 sed
1125 1249 1259 1290 Pater
1277 1264 1304 1290 a
1322 1249 1447 1290 nullo
1465 1250 1638 1303 accepit

112 1313 235 1367 quod
274 1314 344 1362 sit,
384 1313 528 1355 Filius
568 1327 674 1355 uero
710 1328 736 1354 a
774 1316 873 1355 solo
913 1315 1046 1355 Patre
1085 1316 1208 1370 quod
1242 1316 1376 1357 habet
1409 1317 1638 1358 nascendo

111 1380 300 1432 accepit.
378 1380 521 1421 Porro
561 1380 762 1434 Spiritus
802 1381 1000 1422 Sanctus
1040 1396 1067 1422 a
1109 1382 1242 1423 Patre
1286 1383 1492 1438 Filioque
1536 1397 1637 1438 pro-

113 1447 291 1494 cedens,
316 1454 357 1487 et
381 1462 484 1488 curn
509 1447 575 1489 eis
595 1461 646 1489 ac
674 1448 717 1487 in
743 1448 809 1489 eis
832 1449 1122 1489 eternitaliter
1146 1449 1356 1498 existens,
1382 1463 1471 1490 non
1495 1450 1640 1490 maior

112 1521 178 1555 est
209 1515 252 1554 in
281 1528 329 1555 se
356 1528 491 1569 quam
520 1515 564 1554 in
591 1522 795 1569 utroque.
863 1514 1052 1569 Equalis
1081 1516 1201 1556 enim
1234 1523 1275 1556 et
1307 1523 1542 1558 coeternus
1572 1522 1638 1557 est

112 1594 216 1621 cum
238 1580 327 1622 hiis
346 1595 373 1621 a
397 1581 564 1635 quibus
590 1588 670 1632 est,
698 1595 800 1622 cum
826 1582 883 1623 sit
915 1582 1111 1622 eiusdem
1138 1583 1411 1631 substancie,
1437 1583 1637 1624 eiusdem

115 1654 284 1698 nature,
319 1647 520 1689 eiusdem
555 1648 814 1696 maiestatis,
846 1662 898 1690 ac
931 1650 1066 1690 tercia
1100 1663 1294 1703 persona
1327 1650 1370 1690 in
1398 1650 1635 1690 Trinitate.

116 1714 259 1756 Filius
290 1728 398 1756 uero
425 1722 605 1756 eternus
635 1729 690 1756 ex
725 1715 859 1756 Patre
892 1717 1037 1758 factus
1070 1724 1136 1757 est
1170 1716 1310 1757 homo
1343 1717 1388 1756 in
1423 1724 1637 1770 tempore,

115 1787 248 1822 natus
283 1794 336 1821 ex
370 1781 549 1835 uirgine
582 1789 629 1823 ut
659 1782 910 1823 humanum
948 1796 1095 1837 genus
1134 1783 1369 1824 redimeret
1405 1797 1432 1823 a
1467 1782 1638 1824 diaboli

113 1853 348 1900 potestate.
428 1847 518 1888 Hic
553 1856 619 1889 est
658 1848 888 1890 Dominus
925 1856 1076 1890 noster
1115 1849 1275 1891 Ihesus
1312 1849 1524 1891 Christus
1560 1849 1637 1904 qui

113 1913 241 1955 solus
273 1913 390 1955 fixus
423 1915 481 1955 sit
514 1915 557 1954 in
590 1922 743 1956 nostra
774 1923 934 1964 mente,
970 1917 1047 1970 qui
1083 1930 1166 1970 pro
1203 1916 1335 1957 nobis
1367 1917 1492 1958 solus
1521 1916 1640 1957 fixus

113 1981 198 2022 fuit
223 1982 267 2021 in
293 1979 471 2032 cruce]

170 2047 296 2087 Nihil
321 2048 334 2071 1
372 2047 491 2089 enim
531 2055 622 2089 tam
661 2062 801 2089 suaue
833 2056 899 2089 est
937 2049 1052 2089 sicut
1083 2049 1273 2103 diligere
1308 2049 1558 2102 Christum,
1598 2058 1638 2092 et

115 2115 283 2156 idcirco
321 2129 411 2156 non
453 2117 587 2158 nimis
626 2117 958 2171 inuestigemus
993 2130 1044 2157 ea
1082 2130 1169 2171 que
1209 2117 1253 2157 in
1293 2118 1400 2158 uia2
1437 2131 1637 2171 compre-

114 2181 309 2223 hendere
340 2196 429 2223 non
458 2196 727 2236 possumus3
760 2184 804 2223 in
832 2184 976 2237 patria
1004 2183 1125 2224 enim
1153 2183 1249 2224 luce
1277 2183 1465 2224 clariora
1491 2190 1636 2234 erunt,

115 2251 151 2292 si
197 2258 339 2292 totum
385 2264 461 2292 cor
506 2259 708 2294 nostrum
755 2253 1025 2306 prebeamus
1068 2251 1126 2291 ad
1172 2250 1420 2292 amandum
1469 2250 1636 2290 Deum.

118 2318 300 2359 Erimus
321 2318 440 2358 enim
462 2332 619 2359 omnes
640 2319 858 2360 docibiles
882 2318 967 2358 Dei
990 2325 1030 2358 et
1053 2317 1359 2372 gaudebimus
1378 2317 1421 2356 in
1442 2315 1639 2356 melodia

113 2384 399 2440 premirifica,
438 2392 479 2424 et
516 2384 806 2425 laudabimus
842 2384 1101 2424 Creatorem
1142 2390 1344 2423 nostrum
1380 2383 1423 2422 in
1460 2393 1638 2423 summa

111 2453 353 2493 amenitate
380 2466 432 2494 ac
456 2453 586 2493 suaui
617 2453 855 2494 facilitate3
881 2452 978 2493 sine
1007 2451 1232 2491 anxietate
1262 2457 1303 2491 et
1332 2448 1515 2489 fastidio
1541 2446 1638 2487 sine

172 2533 196 2563 1.
223 2530 299 2563 The
324 2530 494 2573 compiler
517 2530 553 2562 of
577 2529 639 2562 the
666 2530 764 2563 short
797 2532 878 2563 text
901 2539 1014 2560 seems
1031 2530 1069 2560 to
1085 2527 1176 2560 have
1194 2527 1340 2559 written
1356 2526 1459 2558 down
1475 2525 1549 2574 this
1565 2535 1641 2557 sen-

110 2576 223 2614 tence,
250 2573 401 2606 because
430 2573 532 2605 Rolle
557 2584 670 2605 seems
697 2576 736 2605 to
763 2573 854 2605 have
881 2571 994 2604 ended
1023 2570 1078 2602 his
1102 2581 1199 2603 more
1216 2569 1431 2611 theologica]
1448 2569 1638 2616 discourse.

110 2618 157 2656 (ο)
175 2616 196 2649 f.
214 2617 282 2649 48b
300 2617 410 2649 heads
426 2617 488 2649 the
504 2626 653 2658 passage
673 2626 748 2658 cap.
768 2619 788 2648 4
805 2630 811 2648 :
839 2615 911 2648 and
936 2615 997 2647 the
1021 2613 1124 2646 other
1148 2614 1249 2645 short
1276 2616 1376 2644 texts
1406 2614 1516 2660 count
1542 2613 1572 2643 1t
1601 2621 1642 2642 as

109 2670 177 2701 cap
193 2662 213 2691 4
229 2670 268 2692 or
283 2670 356 2701 cap.
375 2662 404 2692 5.
448 2662 480 2691 2.
501 2662 548 2701 (9)
564 2659 652 2692 uita.
692 2659 796 2691 Rolle
806 2659 905 2691 often
923 2668 1004 2690 uses
1020 2656 1094 2688 this
1110 2656 1298 2698 metaphor
1307 2656 1343 2687 of
1357 2655 1418 2687 the
1438 2659 1456 2671 “
1468 2654 1553 2686 ma''
1570 2653 1641 2685 and

112 2706 137 2719 “
151 2703 298 2744 patria''
315 2703 370 2735 for
385 2702 448 2735 the
464 2704 608 2744 present
630 2702 701 2734 and
724 2702 847 2734 future
870 2701 942 2733 life.
992 2699 1035 2732 cf.
1062 2710 1118 2742 pp.
1142 2701 1214 2739 146,
1233 2702 1274 2737 8;
1301 2701 1373 2738 164,
1392 2700 1420 2738 6,
1439 2700 1469 2736 8,
1488 2699 1507 2730 9
1523 2710 1531 2735 ;
1558 2698 1640 2735 193;

112 2746 189 2778 250.
236 2748 264 2778 3.
291 2748 338 2787 (9)
356 2745 542 2778 felicitate.
