1809 3036
367 217 608 253 CHRIST'S
640 218 851 255 LOVERS
884 218 997 251 AND
1029 216 1140 253 THE
1174 216 1415 253 WORLD’S
1591 225 1656 259 149

128 339 253 373 terre.
316 332 688 376 Assimulantur1
720 333 944 389 siquidem
975 346 1060 374 suo
1088 339 1252 380 amato,
1286 332 1392 386 quia
1422 331 1649 373 conform·

127 405 262 440 antur
291 400 662 453 concupiscencie
696 400 899 448 seculari,
930 407 971 440 et
1000 400 1244 440 retinentes
1277 405 1471 440 ueterem
1508 397 1651 438 homi-

129 479 244 514 nem,
280 466 478 507 uanitate
508 468 703 509 uisibilis
737 467 827 509 uite
860 480 942 521 pro
976 467 1152 507 feruore
1185 466 1304 506 felici
1338 465 1647 520 perfruuntur.

130 531 336 573 Mutant2
383 533 522 588 igitur
557 534 749 589 gloriam
786 533 1144 587 incorruptibilis
1178 532 1412 574 charitatis
1446 532 1490 572 in
1527 531 1653 572 lasci-

129 599 250 641 uiam
272 608 586 642 momentanee
610 601 978 655 pulchritudinis.
1044 600 1148 642 Hoc
1171 600 1326 654 utique
1350 613 1441 640 non
1465 606 1653 653 agerent

129 666 216 707 nisi
242 675 558 708 excecarentur
583 669 783 721 peruersi
809 668 979 708 amoris
1005 667 1124 722 igne,
1154 667 1230 722 qui
1257 673 1420 708 cuncta
1447 667 1653 707 deuastat

128 733 335 788 germina
359 734 590 781 uirtutum,
616 742 657 775 et
675 741 973 789 augmentum
996 734 1162 788 iugerit
1182 734 1389 775 omnium
1412 734 1649 775 uiciorum.

187 799 331 840 Porro
352 799 368 824 3
412 801 615 856 plerique
665 802 709 841 in
760 802 952 842 formam
999 801 1241 842 femineam
1293 813 1383 841 non
1435 800 1653 854 figuntur,

129 880 275 921 neque
323 867 548 909 luxuriam
603 869 822 916 lambunt,
876 868 996 910 unde
1048 881 1095 909 se
1147 867 1314 910 saluari
1368 868 1497 921 quasi
1549 879 1652 910 cum

128 934 365 975 securitate
417 935 641 983 estimant,
692 942 733 976 et
784 942 969 988 propter
1017 935 1160 977 solam
1211 935 1460 977 castitatem
1516 946 1653 988 quam

128 1001 324 1043 exterius
355 1001 632 1050 exhiberent,
668 1001 742 1043 se4
785 1002 908 1044 uelut
940 1010 1121 1043 sanctos
1159 1002 1272 1043 inter
1306 1001 1423 1044 alios
1458 1001 1654 1042 eminere

130 1068 309 1118 uident;
358 1069 437 1109 sed
474 1070 680 1124 nequiter
712 1077 754 1110 et
790 1070 983 1110 inaniter
1016 1069 1080 1112 sic
1115 1069 1436 1122 suspiciantur,
1469 1067 1655 1123 quando

126 1135 420 1188 cupiditatem
454 1149 540 1190 que
575 1136 701 1176 radix
737 1144 802 1177 est
836 1143 1122 1190 peccatorum
1162 1150 1252 1177 non
1291 1136 1534 1189 extirpant.
1599 1134 1655 1175 Et

129 1203 326 1258 quidem,
383 1212 429 1245 ut
482 1205 701 1257 scriptum
756 1204 834 1252 est,
889 1204 1002 1244 nihil
1057 1204 1259 1258 iniquius
1314 1217 1450 1258 quam
1503 1214 1654 1244 amare

128 1271 382 1323 pecuniam,
408 1271 514 1325 quia
543 1271 651 1313 dum
679 1284 754 1312 cor
780 1271 974 1312 alicuius
1000 1278 1190 1325 occupat
1215 1284 1343 1311 amor
1370 1271 1430 1311 rei
1457 1278 1653 1323 tempor-

126 1337 224 1386 alis,
250 1337 420 1378 nullam
444 1338 626 1392 penitus
648 1338 943 1379 deuocionem
966 1338 1131 1378 habere
1158 1338 1388 1391 permittit.
1452 1335 1655 1377 Dileccio

129 1417 326 1459 namque
362 1405 521 1446 mundi
561 1411 603 1445 et
643 1405 727 1445 Dei
768 1418 1002 1459 nunquam
1043 1405 1178 1446 simul
1220 1405 1263 1444 in
1304 1404 1462 1445 eodem
1499 1403 1655 1445 animo

127 1471 349 1521 existunt3
381 1471 459 1513 sed
488 1472 619 1513 cuius
647 1485 775 1512 amor
806 1471 972 1512 forcior
1003 1479 1068 1512 est
1098 1471 1321 1526 reliquum
1352 1470 1574 1523 expellit‚5
1608 1478 1656 1511 ut

130 1540 368 1581 manifeste
393 1547 610 1593 appareat
639 1540 740 1595 quis
770 1540 826 1581 sit
856 1540 1015 1581 mundi
1047 1548 1235 1590 amator,
1269 1546 1312 1580 et
1345 1539 1448 1594 quis
1483 1538 1654 1580 Christi

128 1606 341 1650 imitator.
398 1606 609 1660 Erumpit
630 1607 749 1647 enim
775 1607 819 1646 in
842 1607 1103 1648 ostencione
1124 1606 1273 1659 operis
1296 1606 1447 1647 feruor
1465 1605 1650 1648 amoris.

128 1672 367 1728 Siquidem
399 1674 515 1715 sicut
547 1687 594 1715 se
627 1674 795 1715 habent
825 1682 1050 1715 amatores
1083 1674 1254 1715 Christi
1288 1687 1397 1728 erga
1429 1673 1652 1715 mundum

127 1747 170 1781 et
209 1753 403 1789 carnem,
443 1741 508 1783 sic
541 1748 764 1782 amatores
799 1741 958 1782 mundi
993 1755 1041 1782 se
1074 1741 1242 1782 habent
1276 1754 1385 1795 erga
1427 1740 1576 1782 Deum
1611 1746 1654 1780 et

125 1808 330 1849 animum
362 1821 514 1852 suum.

187 1874 328 1915 Electi
371 1875 542 1929 quippe
585 1876 827 1916 comedunt
867 1882 909 1916 et
950 1875 1114 1916 bibunt
1155 1882 1196 1916 et
1238 1882 1332 1916 tota
1371 1874 1654 1929 cogitacione
1675 1881 1699 1917 f.
1717 1883 1759 1915 65

128 1954 307 1995 semper
344 1942 401 1983 ad
446 1942 595 1983 Deum
635 1943 889 1990 intendunt,
927 1942 972 1982 in
1009 1942 1225 1984 omnibus
1263 1942 1526 1984 uisibilibus
1562 1954 1654 1982 non

130 2009 409 2063 uoluptatem
437 2009 517 2050 sed
547 2010 858 2051 necessitatem
888 2017 1037 2049 tamen
1067 2016 1273 2064 querunt,
1301 2023 1404 2051 cum
1433 2008 1657 2063 anguscia

130 2076 185 2117 de
215 2076 404 2117 terrenis
437 2075 686 2131 loquuntur
716 2083 758 2117 et
791 2090 882 2117 non
915 2076 1001 2118 nisi
1035 2077 1326 2125 transeundo,
1360 2090 1451 2117 non
1481 2089 1654 2117 moram

131 2142 340 2183 faciendo
365 2143 409 2183 in
435 2142 512 2191 eis,
535 2143 613 2184 sed
640 2150 681 2184 et
709 2144 850 2184 eciam
878 2151 985 2185 tunc
1015 2151 1164 2184 mente
1192 2158 1294 2185 cum
1325 2143 1426 2184 Deo
1453 2150 1573 2192 sunt,
1602 2155 1657 2183 ac

130 2209 354 2263 reliquum
390 2210 641 2263 temporis6
677 2210 851 2252 diuinis
884 2210 1119 2264 obsequiis
1155 2211 1440 2263 impendunt,
1481 2223 1571 2251 non
1611 2210 1656 2250 in

129 2277 232 2319 ocio
261 2285 444 2329 stantes,
479 2292 559 2320 nec
589 2279 647 2319 ad
680 2279 936 2332 spectacula
971 2278 1042 2320 uel
1073 2278 1205 2320 ludos
1236 2285 1479 2327 currentes,
1514 2276 1656 2333 (quod

131 2351 198 2385 est
229 2344 416 2399 signum
455 2346 781 2398 reproborum),
814 2346 893 2387 sed
924 2346 1083 2399 pocius
1115 2345 1303 2386 honeste
1335 2351 1656 2387 conuersantes

131 2424 184 2452 ea
209 2425 296 2466 que
319 2411 377 2452 ad
406 2411 555 2453 Deum
580 2413 819 2466 pertinent,
844 2412 915 2454 uel
940 2412 1064 2466 loqui
1093 2412 1164 2454 uel
1189 2425 1324 2467 agere
1350 2412 1421 2454 uel
1448 2410 1655 2453 meditari

131 2491 223 2519 non
256 2485 449 2531 torpent.

190 2544 395 2598 Reprobi
433 2558 551 2592 uerO,
588 2546 776 2587 omnino
812 2546 1004 2586 inaniter
1040 2559 1087 2586 se
1127 2545 1296 2587 habent
1331 2559 1441 2600 erga
1486 2545 1653 2585 Deum.

133 2612 342 2654 Audiunt
368 2611 488 2652 enim
517 2613 705 2653 uerbum
737 2612 823 2653 Dei
851 2626 952 2654 cum
976 2613 1214 2662 anxietate,
1242 2620 1372 2654 orant
1399 2613 1497 2654 sine
1522 2610 1654 2651 affec·

197 2689 225 2721 1.
254 2690 304 2727 (α)
322 2687 371 2726 (h)
392 2690 412 2704 ‘⁶
427 2687 712 2721 assimilantur.”
778 2690 810 2721 2.
836 2688 880 2721 cf.
910 2688 1080 2728 Romans,
1112 2691 1141 2728 1,
1171 2691 1223 2722 23.
1286 2691 1315 2721 3.
1345 2688 1446 2721 Harl.
1475 2688 1566 2728 MS„
1587 2689 1659 2727 106,

131 2731 156 2763 f.
188 2733 260 2771 185,
278 2730 342 2762 has
358 2730 432 2763 this
448 2740 597 2773 passage
612 2742 744 2774 among
755 2732 804 2764 its
819 2731 1009 2764 selections
1020 2731 1111 2764 from
1122 2732 1185 2764 the
1197 2731 1420 2764 Incendium.
1471 2733 1501 2763 4.
1529 2733 1577 2774 (9)
1592 2730 1662 2763 “Se

131 2773 237 2857 gela}
246 2774 501 2859 ἰιξιξὲξῃῖᾶῑξιζξοε
516 2774 672 2807 eminere
688 2774 825 2808 uident.
833 2775 850 2789 '³
920 2777 949 2808 5.
968 2774 1034 2808 Sic.
1055 2775 1073 2789 “
1083 2774 1286 2808 whiehever
1301 2774 1381 2807 love
1397 2774 1427 2806 is
1443 2773 1662 2816 strongest.”
