1881 2985
218 180 284 206 210
663 171 775 208 THE
817 171 1013 215 OBJECT
1054 172 1122 207 OF
1161 172 1306 210 LOVE

278 287 436 329 Habes
455 301 567 343 ergo
581 295 792 342 precepta
813 288 904 329 uite
924 295 1099 339 eterne;
1122 289 1159 329 si
1182 288 1253 330 uis
1276 289 1455 343 ingredi
1473 290 1531 331 ad
1554 303 1747 344 regnum

218 354 460 407 perditum,
514 362 555 395 et
607 355 767 395 iterum
818 355 1046 409 sanguine
1097 354 1270 396 Christi
1323 362 1652 409 recuperatum,
1706 361 1748 396 te

217 421 460 462 obseruare
494 429 671 474 oportet
710 421 881 463 Christi
916 422 1148 464 mandata.
1248 421 1305 463 Et
1358 422 1746 477 quemadmodum

218 488 403 542 quidem
437 488 671 530 desideras
699 488 744 528 in
779 489 966 542 plenum
1001 496 1043 530 et
1076 488 1326 542 perfectum
1374 489 1597 544 gaudium
1644 495 1748 545 post

219 563 407 597 mortem
435 563 559 597 tuam
592 556 850 607 ascendere,
888 556 949 596 ita
981 563 1023 597 te
1053 564 1230 610 oportet
1261 557 1548 599 reminiscere
1581 558 1627 598 in
1663 557 1749 599 hac

217 623 311 663 uita
331 638 341 663 :
372 623 512 677 pleno
533 630 575 664 et
595 623 797 677 perfecto
816 623 953 665 corde
977 623 1127 664 Deum
1151 637 1320 665 amare.
1384 624 1605 679 Alioquin
1630 624 1746 666 sicut

217 696 259 730 te
284 703 387 731 cum
414 703 534 732 nunc
561 690 619 731 ad
646 690 942 732 dileccionem
973 690 1060 731 Dei
1090 704 1181 732 non
1208 691 1401 732 tribuis:
1437 691 1497 732 ita
1524 699 1632 734 tunc
1655 705 1747 733 non

216 756 403 810 plenum
439 758 661 812 gaudium
696 758 775 799 sed
804 765 1009 799 eternum
1045 766 1321 800 tormentum
1358 759 1561 801 habebis.
1625 759 1747 814 Quia

215 824 324 864 dum
367 837 477 865 uero
518 824 722 866 Creatori
762 832 842 866 tuo
886 825 1064 880 integra
1106 826 1355 867 dileccione
1399 840 1490 867 non
1533 826 1745 874 intendis,

216 898 464 932 creaturam
488 891 693 945 profecto
720 892 805 933 Dei
833 892 949 933 ultra
977 907 1114 948 quam
1138 893 1381 935 honestum
1409 901 1476 935 est
1502 901 1545 935 et
1571 894 1744 936 licitum

213 971 366 999 amare
398 959 622 1012 probaris.
718 959 823 1000 Non
858 960 979 1001 enim
1008 967 1156 1014 potest
1189 974 1287 1002 esse
1319 961 1472 1002 anima
1505 960 1745 1002 racionalis

214 1026 312 1066 sine
333 1039 499 1074 amore,
525 1027 743 1081 quamdiu
767 1028 812 1068 in
836 1027 911 1068 uia
932 1035 1015 1069 est.
1080 1027 1218 1070 Unde
1241 1036 1283 1069 et
1305 1042 1434 1069 amor
1457 1028 1554 1070 eius
1574 1036 1640 1070 est
1663 1041 1744 1082 pes

212 1092 323 1141 eius,
363 1107 455 1147 quo
490 1102 594 1147 post
628 1094 745 1136 hanc
778 1095 1201 1149 peregrinacionem
1252 1095 1311 1136 ad
1365 1096 1515 1137 Deum
1561 1095 1634 1136 uel
1685 1095 1743 1136 ad

213 1159 447 1201 diabolum
472 1160 684 1209 defertur,
709 1168 757 1202 ut
781 1163 820 1202 ei
842 1169 950 1203 tunc
975 1176 1022 1203 se
1047 1162 1301 1204 subiectum
1328 1162 1492 1212 uideat,
1516 1163 1646 1205 cuius
1670 1162 1744 1204 hic

213 1226 437 1268 uoluntati
464 1228 704 1269 seruiebat.

270 1294 428 1335 Amasi
446 1303 597 1336 autem
620 1296 795 1350 aliquid
820 1310 910 1337 non
934 1304 1081 1351 potest
1102 1297 1189 1338 nisi
1214 1304 1398 1351 propter
1421 1298 1594 1339 bonum
1619 1296 1742 1351 quod

212 1369 278 1403 est
298 1369 375 1403 aut
399 1362 599 1404 existens
621 1371 698 1404 aut
721 1377 965 1417 apparens,
990 1371 1031 1404 et
1056 1365 1179 1419 quod
1201 1372 1353 1406 amato
1377 1365 1506 1414 inest,
1530 1365 1602 1406 uel
1625 1371 1742 1406 certe

212 1427 359 1470 inesse
381 1429 763 1472 estimatur.Hinc
783 1438 849 1472 est
871 1431 994 1485 quod
1015 1439 1222 1473 amantes
1242 1432 1523 1486 corporalem
1544 1432 1740 1486 speciem

211 1494 282 1534 uel
326 1495 518 1536 diuicias
564 1497 837 1550 temporales
883 1498 1013 1552 quasi
1056 1512 1135 1552 per
1181 1499 1453 1554 prestigium
1502 1499 1736 1540 falluntur.

101 1571 126 1607 f.
145 1572 186 1607 37
213 1561 333 1617 Quia
354 1576 444 1603 non
466 1571 532 1604 est
553 1564 597 1604 in
620 1564 718 1605 istis
738 1564 1012 1614 uisibilibus,
1036 1579 1122 1620 que
1145 1567 1217 1606 uel
1241 1574 1359 1607 tactu
1384 1568 1649 1608 senciuntur
1669 1567 1741 1608 uel

211 1629 344 1670 oculo
391 1630 617 1678 uidentur,
665 1630 908 1672 delectacio
954 1645 1041 1686 que
1089 1640 1290 1686 apparet,
1337 1641 1416 1674 aut
1463 1633 1611 1688 gloria
1653 1646 1740 1688 que

209 1696 412 1751 fingitur,
437 1706 516 1738 aut
542 1697 663 1738 fama
689 1712 776 1753 que
797 1706 1015 1752 captatur.

268 1763 417 1804 Nemo
439 1777 549 1819 ergo
575 1772 642 1806 est
669 1766 745 1819 qui
770 1766 1115 1819 dampnabilius
1140 1768 1341 1808 animam
1370 1782 1500 1809 suam
1530 1767 1738 1823 negligit,

210 1845 346 1886 quam
371 1832 448 1886 qui
471 1832 515 1872 in
540 1833 775 1874 mulierem
797 1840 981 1888 propter
1003 1834 1229 1875 luxuriam
1252 1834 1435 1876 oculum
1461 1849 1595 1876 suum
1620 1835 1735 1890 figit.

212 1898 335 1939 Dum
381 1899 501 1940 enim
541 1900 660 1941 oculi
706 1900 835 1942 uisus
876 1902 1083 1942 animum
1130 1902 1342 1950 incendit,
1390 1916 1495 1944 mox
1540 1904 1596 1944 de
1640 1903 1740 1944 uisa

208 1967 434 2022 cogitacio
465 1968 663 2017 intrabit,
694 1976 735 2009 et
769 1970 814 2009 in
841 1970 975 2011 corde
1009 1971 1432 2023 concupiscenciam
1465 1978 1664 2026 generat,
1696 1977 1738 2012 et

212 2035 469 2076 interiorem
514 2043 721 2076 naturam
762 2036 1001 2077 deformat.
1059 2035 1196 2077 Unde
1237 2037 1404 2089 subito,
1448 2038 1571 2078 noxii
1616 2038 1739 2092 ignis

207 2103 456 2144 aduscione
502 2104 780 2153 obuoluitur,
822 2112 864 2145 et
912 2118 967 2146 ne
1013 2104 1204 2146 districti
1249 2105 1412 2148 iudicis
1459 2105 1736 2147 sentenciam

209 2171 360 2212 uideat
409 2179 660 2213 excecatur.
752 2171 829 2214 Sic
860 2186 1042 2227 quoque
1075 2179 1230 2226 raptus
1259 2174 1445 2214 animus
1476 2174 1533 2215 ab
1571 2171 1735 2213 intuitu

207 2238 447 2279 celescium
474 2252 628 2280 amore
651 2239 891 2280 immundo
915 2253 968 2281 ac
994 2239 1213 2295 maligno,
1243 2241 1379 2294 signa
1407 2253 1487 2281 sue
1515 2239 1736 2292 dampna-

206 2306 354 2347 cionis
380 2305 491 2347 foris
514 2306 751 2347 ostendere
780 2320 870 2348 non
900 2306 1079 2355 desinit,
1106 2313 1148 2347 et
1176 2307 1263 2348 nisi
1293 2307 1514 2360 parturiat
1541 2306 1736 2346 immun-

207 2373 372 2414 diciam
411 2387 547 2428 quam
588 2375 858 2427 conceperit,
899 2374 954 2414 de
991 2374 1290 2428 prosperitate
1332 2373 1515 2428 penitus
1558 2371 1734 2413 diffidit.

208 2440 351 2481 Porro
366 2441 575 2494 concepit
592 2440 795 2481 dolorem
816 2441 861 2481 in
882 2441 1304 2493 concupiscenciam
1325 2440 1599 2490 dolorosam,
1616 2437 1738 2480 unde

209 2510 368 2550 merito
401 2509 545 2563 pariet
581 2509 880 2564 iniquitatem,
916 2510 1024 2564 quia
1055 2516 1181 2550 tanto
1216 2510 1357 2552 cicius
1389 2510 1434 2550 in
1466 2508 1734 2549 lutulentam

207 2576 559 2617 delectacionem
589 2576 806 2618 dilabitur
836 2584 1009 2632 quanto
1036 2576 1091 2618 de
1118 2590 1254 2631 quam
1281 2590 1455 2631 magno
1478 2576 1630 2616 anime
1654 2587 1735 2617 sue

208 2643 409 2697 periculo
446 2651 573 2692 errat,
606 2657 790 2698 querere
829 2658 920 2685 non
958 2651 1160 2686 conatur.
1261 2644 1546 2685 Auferuntur
1584 2643 1735 2696 itaque

212 2710 378 2752 iudicia
400 2710 485 2751 Dei
506 2724 534 2751 a
556 2710 669 2752 facie
690 2710 801 2752 eius.
859 2711 982 2752 Dum
1005 2711 1125 2752 enim
1150 2711 1195 2751 in
1219 2710 1478 2753 carnalibus
1497 2709 1736 2752 desideriis
