1881 2985
255 214 321 248 252
597 207 709 245 THE
744 208 898 244 GIFTS
933 209 1001 244 OF
1036 209 1193 245 GOD'S
1230 210 1447 247 CHOSEN

258 329 412 363 eterno
443 324 587 365 amori
624 325 813 366 omnino
844 325 1139 366 adherebant.
1234 323 1548 381 ¹Quamobrem
1600 326 1786 381 impulsi

255 391 609 444 temptamentis,
658 392 767 433 dum
813 392 1056 433 ascendere
1100 393 1390 445 uidebantur,
1437 401 1682 449 antequam
1726 395 1784 436 ad

255 458 434 498 culmen
456 466 665 512 poterant
684 460 934 513 peruenire,
955 460 1147 502 inferius
1163 468 1442 502 corruerunt.

316 524 407 566 Sed
427 526 526 567 sine
546 526 688 567 dubio
708 540 842 567 uerus
863 534 1039 568 amator
1058 528 1308 569 eternitatis
1329 529 1443 569 inter
1459 529 1789 582 temptaciones

257 598 376 633 tenet
400 606 448 635 se
470 593 782 648 tranquillum,
809 602 850 635 et
875 595 919 634 in
945 594 1030 636 hac
1053 609 1213 650 pugna
1237 610 1453 637 coronam
1477 596 1565 638 sibi
1585 595 1787 651 adquirit

258 660 303 700 in
351 674 440 715 qua
482 661 557 701 alii
609 661 844 703 instabiles
889 661 1171 703 occiduntur.
1235 663 1330 704 Nec
1377 663 1595 705 desinunt
1635 663 1786 705 dilecti

259 727 431 769 Christi
463 728 617 769 omnia
643 736 881 782 amputare
911 729 1160 778 obstacula,
1191 738 1327 784 atque
1355 731 1491 772 corda
1521 744 1604 772 sua
1634 744 1786 772 coram

259 793 507 836 Conditore
542 795 737 836 totaliter
772 795 1029 837 effundunt.
1095 796 1164 838 Ac
1199 810 1489 851 nequaquam
1526 805 1575 838 ut
1607 797 1671 838 hii
1709 797 1786 852 qui

257 862 418 915 pedem
439 863 484 902 in
509 876 663 903 amore
687 877 777 904 non
804 863 1011 914 fixerunt,
1032 865 1090 906 ab
1113 878 1303 906 ascensu
1331 865 1604 907 intencionis
1627 865 1787 907 deiecti

256 937 553 978 marcescunt,
579 943 631 971 ac
661 930 822 984 pocius
852 931 1195 972 immutabiliter
1221 939 1516 986 preparantes
1546 932 1604 973 ad
1636 939 1787 973 eterna

256 997 427 1051 gaudia
452 998 675 1039 stabiliter
700 999 950 1052 persistunt
978 999 1023 1039 in
1051 999 1257 1053 inceptis,
1285 1000 1442 1040 nutriti
1469 1007 1511 1040 et
1537 999 1714 1041 educati
1741 999 1787 1039 in

247 1063 488 1105 dulcedine
524 1065 705 1106 celestis
744 1065 937 1118 saporis,
988 1072 1036 1107 ut
1076 1065 1255 1107 luceant
1300 1067 1365 1108 eis
1403 1067 1481 1121 qui
1527 1065 1639 1107 foris
1679 1073 1785 1106 sunt

256 1131 466 1185 exemplo
487 1133 755 1183 sanctitatis,
781 1141 822 1174 et
845 1134 961 1174 intra
982 1134 1253 1188 semetipsos
1277 1134 1384 1188 igne
1405 1134 1577 1175 amoris
1598 1133 1790 1175 dulciter

256 1198 560 1239 inardescant.
626 1199 813 1241 Errores
844 1201 1016 1255 quippe
1043 1200 1296 1242 carnalium
1326 1200 1571 1242 affectuum
1600 1199 1788 1242 mortifi—

258 1273 361 1306 cant
394 1279 473 1319 per
507 1266 738 1307 mundicie
766 1267 1035 1320 appetitum,
1071 1267 1283 1322 quamuis
1315 1267 1470 1309 nullus
1498 1267 1543 1307 in
1578 1266 1662 1308 hac
1695 1266 1789 1307 uita

256 1331 569 1386 ingeneratam
596 1334 1019 1387 concupiscenciam
1045 1334 1103 1375 ad
1129 1334 1315 1388 plenum
1341 1334 1486 1389 possit
1508 1334 1788 1388 extinguere,

255 1406 334 1439 aut
372 1399 431 1439 ita
468 1400 695 1454 perfectus
731 1414 828 1442 esse
864 1408 912 1442 ut
950 1402 1099 1442 ualeat
1137 1401 1181 1441 in
1219 1414 1354 1442 carne
1400 1401 1554 1442 uiuere
1604 1408 1646 1442 et
1696 1413 1787 1441 non

256 1479 460 1520 peccare.
523 1467 592 1509 Ac
615 1481 695 1522 per
720 1468 806 1509 hoc
829 1482 909 1510 nec
931 1468 1005 1510 hic
1026 1468 1223 1522 perfecte
1247 1468 1516 1516 sanabitur,1
1541 1469 1621 1510 sed
1647 1468 1691 1508 in
1713 1467 1789 1508 illa

256 1534 402 1588 patria
422 1534 500 1576 ubi
522 1534 669 1590 gloria
691 1535 916 1577 confortat
939 1535 1216 1576 intellectum
1239 1536 1297 1576 ad
1318 1535 1598 1577 cernendum
1623 1535 1788 1583 Deum,

257 1608 298 1641 et
330 1614 420 1654 pax
458 1601 706 1654 perhennis
742 1601 990 1656 anguscias
1028 1601 1356 1656 molesciasque
1396 1601 1586 1649 inuadit,
1623 1614 1788 1655 usque-

258 1679 439 1720 quaque
486 1674 528 1706 et
574 1666 785 1720 expellat,
836 1675 884 1708 ut
927 1666 1052 1707 nulla
1099 1667 1157 1708 sit
1203 1666 1518 1720 corrupcionis
1564 1666 1784 1716 anxietas,

257 1734 631 1788 quandoquidem
668 1735 945 1787 sempiterna
977 1735 1213 1776 beatitudo
1246 1742 1535 1775 consummat
1565 1733 1788 1787 triumph-

124 1809 149 1842 ἱ.
169 1809 233 1843 9·Ζό
256 1807 424 1841 antem.
491 1801 677 1842 Interim
704 1810 854 1842 autem
883 1802 1071 1856 euigilet
1102 1815 1231 1843 mens
1258 1810 1300 1842 et
1330 1801 1527 1854 suspiret
1557 1814 1788 1856 perseuer-

255 1868 351 1909 anti
371 1882 525 1910 amore
550 1869 761 1916 incendii,
785 1876 827 1909 et
849 1868 1133 1910 delectabilia
1152 1868 1349 1910 uisibilis
1371 1868 1589 1909 uanitatis
1610 1867 1789 1909 studeat

248 1938 435 1979 euitare.
498 1938 573 1979 Ad
598 1938 683 1980 hoc
712 1939 833 1978 enirn
862 1944 1089 1978 remaneat
1117 1951 1262 1991 usque
1288 1937 1347 1978 ad
1376 1944 1596 1977 mortem:
1629 1936 1709 1977 sed
1740 1935 1785 1975 in

258 2014 400 2048 morte
445 2007 561 2060 perit
604 2007 749 2048 fornes
789 2007 974 2059 peccati,
1020 2006 1274 2060 langorque
1318 2012 1490 2050 nature,
1529 2012 1578 2045 ut
1621 2002 1789 2043 electus

251 2075 445 2129 quisque
476 2075 534 2115 ad
568 2074 817 2114 amandum
848 2087 895 2115 se
928 2073 1190 2124 habilitans‚
1226 2072 1556 2126 roboratusque
1591 2083 1790 2123 superna

258 2142 425 2196 gracia,
449 2149 606 2183 contra
629 2142 779 2195 ipsum
803 2141 1008 2182 fomitem
1034 2140 1321 2182 continencia
1343 2146 1560 2190 armatus,
1589 2138 1789 2195 gloriosa

258 2216 460 2250 exerceat
484 2209 745 2259 certamina,
773 2216 814 2249 et
835 2215 997 2249 cuncta
1017 2207 1210 2249 debellet
1234 2221 1321 2262 que
1344 2206 1567 2248 hostiliter
1583 2211 1790 2247 amantes

260 2277 601 2332 insignuntur.2
691 2277 817 2319 Hinc
859 2290 968 2318 sane
1012 2277 1121 2317 dum
1166 2289 1384 2330 pugnans
1428 2274 1570 2315 uincit
1613 2281 1655 2314 et
1695 2285 1787 2313 non

258 2346 470 2393 uincitur,
511 2346 555 2386 in
593 2345 884 2385 amenitatem
921 2344 1124 2384 eleuatur
1159 2342 1491 2391 admirabilem,
1524 2341 1597 2382 cui
1635 2338 1790 2380 omnia

260 2411 474 2452 interiora
504 2411 602 2452 eius
636 2411 940 2466 applaudunt,
980 2409 1086 2464 quia
1122 2407 1397 2450 misterium3
1432 2407 1602 2448 amoris
1648 2406 1693 2446 in
1744 2418 1792 2446 se

259 2479 451 2533 percipit
493 2478 718 2532 inspirari,
761 2486 802 2519 et
844 2477 887 2518 in
927 2484 1023 2518 estu
1066 2476 1288 2517 mellifluo
1321 2474 1532 2529 superius
1571 2471 1789 2520 ascendit,

255 2547 680 2600 contemplatusque
715 2559 818 2586 cum
859 2544 1002 2585 iubilo
1039 2542 1283 2584 mellifluas
1308 2542 1466 2584 laudes
1495 2538 1791 2583 emanentes4

253 2614 440 2665 amanti,
498 2613 824 2654 festinantibus
874 2612 931 2653 ad
992 2611 1238 2660 interitum,
1292 2611 1431 2651 immo
1484 2608 1541 2649 ad
1596 2605 1790 2646 nihilum

315 2722 342 2751 1.
374 2719 412 2761 (i)
436 2718 700 2750 “saluabitur.’'
841 2720 872 2750 2.
899 2719 946 2758 (q)
976 2715 1263 2758 “ixlsignentur.''

317 2764 345 2795 3.
413 2764 460 2805 (9)
491 2761 788 2794 “ministerium.''
834 2765 864 2794 4.
893 2762 953 2805 (s)
972 2759 1208 2794 “emanans,'’
