1881 2985
124 396 148 430 f.
169 399 207 430 91

104 2215 129 2248 f.
152 2214 215 2248 9112

231 218 298 252 250
571 210 683 248 THE
719 211 873 247 GIFTS
909 212 977 246 OF
1012 212 1168 247 GOD'S
1205 212 1421 249 CHOSEN

233 333 407 379 partem
435 327 587 368 anime
616 341 725 377 mee,
755 342 845 383 qua
874 328 1087 369 inferiora
1113 336 1156 369 te
1181 328 1364 370 fauente
1393 338 1623 384 regentur.
1686 330 1760 372 Ad

235 392 427 433 iubilum
475 401 517 434 et
570 395 1008 448 contemplacionem
1061 395 1247 437 eleuans
1299 409 1602 450 supernorum
1670 411 1761 438 non

234 460 458 513 permittis
503 461 548 501 in
588 461 688 502 istis
730 461 1025 503 inferioribus
1065 469 1106 503 et
1151 463 1323 504 uilibus
1366 465 1525 505 mundi
1570 464 1760 506 delecta-

233 526 444 568 cionibus
477 527 592 568 deici
623 535 664 568 et
696 527 885 577 inuolui,
922 528 1079 582 utique
1112 538 1248 583 caput
1283 537 1378 571 est:
1423 531 1546 585 quod
1581 531 1627 571 in
1660 531 1763 572 oleo

234 593 377 634 leticie
407 594 658 647 spiritualis
682 595 999 649 impinguasti,
1032 604 1079 636 ut
1109 597 1292 637 caritate
1322 597 1606 646 incrassetur,
1636 604 1677 641 et
1705 599 1763 640 sit

229 660 342 701 mihi
380 660 533 712 calix,1
583 661 767 712 scilicet,
812 669 949 714 potus
995 663 1168 703 interne
1211 662 1482 714 dulcedinis,
1529 662 1762 705 inebrians

233 729 438 769 animum
464 742 615 769 meum
638 742 791 769 amore
817 729 1095 777 Conditoris,
1118 738 1160 770 et
1179 730 1359 783 sopitus
1383 731 1551 771 iaceam
1574 743 1766 771 auersus

234 794 442 835 funditus
469 808 495 835 a
519 795 766 836 dileccione
799 809 946 836 rerum
973 796 1310 849 temporalium,
1339 804 1381 837 et
1409 797 1475 838 sic
1500 796 1631 851 quasi
1657 808 1761 837 cum

232 861 470 909 suauitate,
492 862 607 901 nihil
627 862 835 903 senciens
856 870 1029 903 terrene
1050 863 1341 905 iocunditatis
1362 863 1435 904 uel
1457 863 1682 914 molescie,
1704 862 1763 903 ad

232 927 481 980 preclaram
505 928 725 969 deducar2
760 929 1057 969 eternitatem.

292 995 345 1035 In
392 995 476 1037 hac
518 1005 669 1037 autem
715 997 951 1038 excellenti
996 998 1166 1040 amoris
1209 998 1434 1039 suauitate
1480 997 1764 1039 consciencia

233 1063 396 1103 candet
418 1063 525 1118 quia
546 1064 721 1117 puritas
745 1063 806 1104 ibi
828 1072 1103 1118 perseuerat,
1129 1072 1170 1105 et
1190 1078 1269 1106 cor
1290 1065 1614 1106 delectabiliter
1632 1064 1763 1107 calet.

241 1130 494 1185 Feruetque
560 1144 688 1172 mens
760 1131 1030 1173 muneribus
1087 1132 1338 1182 mirificata,
1415 1145 1495 1173 nec
1564 1131 1765 1184 aspicere

233 1199 452 1253 dignatur
485 1199 816 1240 oblectamenta
847 1199 984 1240 iscius
1017 1198 1155 1248 exilii,
1183 1200 1323 1240 immo
1358 1198 1582 1240 libencius
1611 1210 1766 1238 amara

236 1265 394 1305 mundi
437 1265 768 1318 amplectitur,3
807 1281 944 1321 quam
985 1267 1082 1308 eius
1127 1266 1279 1308 dulcia
1323 1273 1610 1321 sequeretur3
1659 1264 1766 1319 quia

236 1331 602 1373 indeficientibus
628 1333 803 1374 deliciis
831 1333 1002 1383 fruens,
1034 1333 1283 1374 dileccione
1312 1333 1447 1373 Ihesu
1474 1340 1566 1373 tam
1589 1330 1766 1372 ardenti

235 1397 463 1439 desiderio
488 1398 703 1439 adherere
729 1413 820 1440 non
849 1408 1008 1450 cessat,
1040 1399 1163 1454 quod
1192 1400 1253 1439 ita
1280 1399 1370 1440 cito
1395 1406 1436 1439 et
1462 1406 1553 1439 tam
1577 1398 1768 1438 faciliter

235 1478 396 1519 posses
418 1466 578 1506 mundi
597 1466 804 1507 ordinem
825 1474 1037 1513 euertere,
1059 1466 1175 1508 sicut
1196 1466 1293 1508 eius
1316 1473 1513 1506 mentem
1535 1465 1592 1506 ab
1614 1477 1767 1506 amore

235 1533 306 1573 sui
331 1532 586 1574 Saluatoris
616 1546 840 1574 reuocare.
906 1533 1017 1575 Odit
1046 1534 1211 1574 etenim
1242 1534 1397 1574 omnia
1427 1547 1514 1587 que
1543 1531 1767 1574 contraria

237 1608 343 1641 sunt
376 1600 539 1641 diuino
571 1601 729 1648 amori,
764 1608 806 1641 et
842 1601 1190 1656 infatigabiliter
1217 1601 1345 1642 ardet
1377 1614 1429 1641 ea
1465 1600 1652 1654 implere
1680 1611 1768 1654 que

236 1667 403 1721 placita
423 1667 524 1708 Deo
542 1668 665 1709 uidet
687 1676 728 1708 et
747 1668 998 1722 cognoscit.
1067 1667 1169 1708 Hoc
1191 1681 1389 1722 namque
1411 1681 1503 1708 non
1524 1667 1767 1708 dimitteret

237 1748 526 1789 quacumque
557 1749 675 1789 pena
701 1735 910 1776 obstante
941 1736 1011 1776 uel
1045 1735 1238 1783 miseria,
1270 1735 1411 1776 immo
1442 1748 1494 1775 eo
1526 1734 1767 1775 ardencius

238 1802 520 1842 uoluntatem
548 1802 738 1842 Domini
766 1802 911 1843 facere
931 1803 1178 1853 festinaret,
1207 1815 1298 1857 quo
1325 1802 1408 1842 hac
1434 1814 1570 1842 causa
1593 1800 1769 1854 aliquid

237 1869 339 1910 duri
360 1869 455 1924 pati
479 1869 752 1923 preuideret.
816 1869 977 1923 Neque
1000 1883 1109 1909 uero
1130 1869 1255 1910 aliud
1276 1870 1447 1923 cogitat
1471 1877 1548 1909 aut
1572 1874 1768 1921 exoptat,

238 1936 325 1977 nisi
352 1944 401 1976 ut
429 1936 665 1978 Christum
693 1937 910 1977 ueraciter
931 1937 1108 1991 diligat,
1139 1936 1328 1990 eiusque
1357 1936 1693 1989 beneplacitum
1722 1935 1768 1974 in

237 2004 455 2045 omnibus
479 2011 520 2044 et
543 2004 820 2045 incessanter
843 2011 963 2058 agat.
1029 2003 1085 2044 Et
1110 2004 1294 2058 quidem
1320 2004 1438 2045 hanc
1462 2004 1695 2044 ardentem
1723 2003 1768 2042 in

239 2071 441 2111 bonitate
465 2071 747 2112 uoluntatem
770 2072 944 2125 accepit
971 2072 1028 2113 ab
1054 2079 1206 2112 amato
1233 2085 1332 2122 suo,
1362 2085 1493 2112 mens
1519 2071 1770 2112 deuocione

238 2138 427 2179 ditanda
457 2152 483 2178 a
511 2138 611 2179 Deo
641 2138 839 2192 denique
872 2138 949 2192 qui
979 2151 1079 2178 eam
1113 2138 1250 2193 elegit
1282 2146 1330 2178 ut
1362 2138 1467 2179 talis
1498 2145 1627 2186 esset,
1661 2137 1778 2192 que4

241 2205 413 2246 Christi
444 2205 642 2258 perfecta
675 2206 869 2245 amatrix
904 2214 1202 2259 permaneret,
1235 2213 1372 2260 atque
1407 2205 1656 2247 efficeretur
1688 2219 1770 2247 uas

240 2272 482 2313 eleccionis
515 2272 638 2326 quod
669 2272 936 2326 replendum
966 2280 1059 2313 erat
1091 2272 1266 2327 liquore
1300 2273 1587 2314 nobilissimo
1621 2272 1770 2314 dulce-

241 2339 364 2380 dinis
393 2339 484 2380 uite
515 2339 703 2389 celestis,
731 2347 772 2380 et
803 2353 969 2380 nomen
998 2340 1095 2380 eius
1119 2340 1196 2394 qui
1227 2340 1395 2381 electus
1423 2347 1490 2380 est
1518 2354 1573 2380 ex
1601 2339 1773 2380 uilibus

242 2408 466 2449 indelibili
509 2422 561 2449 ac
603 2408 826 2461 perhenni
867 2408 1084 2449 memoria
1127 2408 1425 2455 continuaret,
1467 2420 1520 2447 ac
1563 2407 1679 2447 intra
1723 2419 1771 2447 se

240 2478 455 2518 continue
477 2476 725 2531 cogitando
746 2477 966 2517 retineret.
1018 2475 1196 2516 Exinde
1217 2488 1297 2529 per
1317 2476 1528 2516 diuinum
1548 2474 1770 2515 auxilium

239 2545 404 2586 abiciet
428 2544 583 2585 omnia
614 2544 941 2598 impedimenta
970 2543 1153 2590 amoris,
1184 2543 1229 2583 in
1265 2543 1364 2584 Deo
1396 2555 1578 2597 quoque
1607 2541 1770 2595 iugiter

242 2611 550 2659 delectabitur,
596 2612 703 2665 quia
752 2624 842 2652 non
892 2610 1193 2665 preualebunt
1241 2610 1463 2651 aduersus
1507 2607 1771 2650 huiusmodi

241 2686 496 2719 amatorum
520 2677 665 2718 iacula
688 2676 874 2718 inimici.
940 2675 1031 2717 Sed
1052 2683 1093 2716 et
1113 2675 1399 2717 securitatem
1423 2675 1468 2715 in
1489 2672 1772 2716 consciencia

302 2764 330 2794 l.
360 2761 495 2794 Psalm.
514 2762 613 2801 225.
704 2762 736 2796 2·
766 2761 816 2802 (k)
850 2758 1069 2791 “deducam
1145 2758 1193 2800 (9)
1227 2756 1424 2789 “educa-3,

301 2807 329 2839 3·
361 2805 409 2846 (9)
437 2804 486 2845 (h)
512 2803 851 2844 “amplecteretur.”
934 2806 963 2836 4„
1007 2802 1055 2844 (9)
1086 2801 1194 2833 “ut.”
