1881 2985
238 172 305 207 266
781 179 854 214 ΟΝ
895 181 1230 219 FRIENDSHIP

241 290 320 331 sed
346 291 404 332 ad
434 291 653 335 honorem
679 295 765 336 Dei
790 310 971 339 seruare
1000 299 1144 341 donec
1172 300 1268 354 ipse
1296 303 1498 346 animam
1527 320 1554 347 a
1581 320 1769 362 corpore

239 363 416 407 separet
449 359 526 412 qui
562 360 637 401 illa
670 363 921 404 coniunxit.
986 365 1122 408 Tales
1154 381 1266 422 ergo
1296 377 1337 410 et
1371 370 1638 417 hominibus
1662 381 1769 416 sunt

238 423 388 475 asperi
414 431 456 464 et
486 424 531 465 in
560 427 724 480 seipsis
752 431 911 481 amari,
945 432 1149 474 amicicie
1180 448 1362 490 quoque
1389 438 1644 481 custodiam
1676 453 1767 481 non

236 499 524 543 cognoscunt
552 494 658 547 quia
683 508 763 537 nec
792 497 889 538 eius
917 498 1038 539 uiam
1067 507 1325 543 tenuerunt.
1389 504 1533 546 Amor
1557 506 1768 561 equidem

238 560 687 613 consanguineorum
742 564 780 605 si
839 565 1164 610 immoderatus
1219 578 1298 621 est,
1353 573 1548 615 carnalis
1604 575 1769 617 dicitur

237 623 426 667 affectus
453 634 494 667 et
528 631 812 683 rumpendus
839 639 919 683 est,
956 634 1064 687 quia
1093 635 1150 676 ab
1182 650 1335 679 amore
1368 639 1454 680 Dei
1487 640 1700 695 impedit3
1729 643 1767 685 si

236 698 387 732 autem
424 695 685 737 moderatus
719 698 776 738 sit
811 700 1031 742 naturalis
1066 702 1243 753 dicitur,
1273 712 1315 745 et
1346 719 1437 747 non
1474 709 1708 760 perturbat
1742 723 1770 750 a

243 761 439 802 seruicio
471 763 646 815 diuino,
689 766 796 819 quia
836 775 997 808 natura
1023 770 1068 810 in
1105 779 1327 826 quantum
1368 775 1632 820 huiusmodi
1675 794 1767 821 non

236 828 332 882 agit
356 837 513 871 contra
538 832 753 874 factorem
778 842 952 877 nature.

295 895 533 939 Postremo
572 900 734 941 merito
779 903 1168 955 reprehendibiles
1210 915 1316 949 sunt
1362 911 1504 952 nostri
1549 913 1767 967 temporis

236 963 448 1005 mulieres
485 979 572 1020 que
607 980 754 1009 nouos
788 978 989 1019 ornatus,
1022 980 1112 1014 tam
1149 975 1285 1029 capiti
1323 990 1459 1031 quam
1495 980 1688 1034 corpori,
1721 981 1765 1021 in

235 1036 361 1071 tanta
406 1040 447 1072 et
496 1040 586 1074 tam
632 1036 829 1077 mirabili
879 1039 1079 1080 uanitate
1125 1041 1412 1095 inuenerunt,
1465 1052 1507 1086 et
1555 1047 1769 1090 inuentos

235 1094 528 1148 induxerunt,
564 1099 686 1153 quod
733 1107 774 1140 et
818 1103 1148 1155 aspicientibus
1194 1106 1427 1148 horrorem
1474 1109 1685 1163 ingerant
1726 1117 1768 1150 et

234 1169 485 1215 stuporem.
549 1165 654 1206 Non
683 1167 831 1209 solum
862 1169 983 1210 enim
1010 1179 1166 1212 contra
1190 1175 1468 1216 sentenciam
1496 1177 1692 1230 apostoli
1720 1177 1766 1217 in

236 1242 348 1270 auro
377 1237 418 1271 et
455 1231 500 1270 in
532 1233 733 1274 torcione
770 1235 1003 1286 crinium,l
1030 1251 1198 1291 pompe
1226 1253 1279 1280 ac
1316 1240 1500 1282 lasciuie
1535 1250 1769 1285 seruentes

234 1296 465 1349 incedunt,
486 1299 566 1339 sed
582 1300 724 1341 eciam
746 1309 903 1343 contra
921 1303 1203 1346 honestatem
1225 1305 1475 1348 humanam
1494 1316 1537 1348 et
1558 1315 1765 1348 naturam

232 1362 458 1404 diuinitus
513 1365 781 1414 institutam,
834 1380 1005 1409 cornua
1059 1369 1146 1410 sibi
1205 1371 1293 1411 lata
1348 1379 1390 1413 et
1446 1373 1765 1427 magnitudine

233 1428 472 1478 horrenda,
507 1431 563 1472 de
591 1433 770 1486 capillis
806 1434 851 1474 in
882 1448 930 1475 se
966 1449 1056 1476 non
1108 1437 1320 1479 radicatis
1368 1440 1633 1493 composita,
1681 1452 1767 1481 suo

230 1496 369 1548 capiti
404 1497 673 1550 imponunt;
711 1513 904 1554 quarum
940 1502 1135 1556 quedam
1171 1517 1301 1544 suam
1330 1506 1661 1558 turpitudinem
1692 1507 1764 1548 uel

98 1564 124 1598 f.
142 1565 206 1599 56b
231 1562 382 1604 uelare
405 1564 477 1604 uel
501 1565 889 1618 pulchritudinem
915 1581 1083 1622 augere
1106 1570 1355 1622 studentes,
1382 1571 1486 1612 fuco
1510 1572 1765 1613 adulterine

232 1629 409 1671 fallacie
452 1631 590 1673 facies
633 1646 740 1675 suas
783 1634 1000 1683 colorant,
1044 1643 1085 1675 et
1125 1636 1354 1678 dealbant.
1462 1638 1764 1681 Uestimentis

230 1697 372 1737 eciam
405 1711 529 1739 nouo
564 1700 702 1740 modo
744 1701 936 1755 sculptis
979 1709 1020 1742 et
1070 1703 1155 1743 uiri
1203 1710 1245 1744 et
1295 1704 1463 1745 femine
1514 1706 1762 1747 uanissime

236 1765 503 1816 abutuntur,
585 1779 675 1806 non
753 1767 1095 1809 considerantes
1161 1770 1271 1824 quid
1352 1778 1510 1812 nature
1588 1773 1758 1824 deceat,

235 1832 315 1872 sed
349 1833 459 1887 quid
499 1835 696 1876 rumoris
733 1848 853 1876 noua
889 1836 1070 1879 uanitas
1093 1838 1279 1880 diabolo
1314 1846 1591 1894 suggerente
1630 1841 1762 1880 intro-

228 1900 378 1942 ducat.
474 1902 634 1958 Siquis
663 1912 814 1945 autem
850 1906 922 1946 uel
956 1907 1216 1949 rarissimus
1247 1908 1303 1949 de
1335 1909 1503 1951 talibus
1535 1911 1761 1964 corripere

229 1970 350 2018 uelit,
380 1971 601 2019 irridetur,
633 1979 674 2012 et
706 1974 855 2028 magis
887 1975 1143 2027 ponderant
1175 1977 1356 2018 inanem
1386 1978 1589 2020 fabulam
1623 1992 1759 2033 quam

228 2038 615 2080 emendacionem.
712 2040 898 2082 Uadant
947 2055 1060 2097 ergo
1107 2050 1148 2083 et
1198 2044 1377 2095 cadant,
1430 2046 1671 2099 capiantur
1719 2054 1761 2088 et

234 2104 549 2159 illaqueentur.
660 2107 750 2148 Iste
806 2108 991 2149 domine
1038 2118 1080 2151 et
1131 2110 1342 2153 mulieres
1397 2127 1484 2167 que
1539 2119 1761 2154 uocantur

230 2172 444 2226 ingenue,
474 2174 615 2215 uelint
639 2176 841 2217 decorari
867 2177 925 2218 ad
950 2184 1131 2231 tempus
1148 2187 1190 2220 et
1215 2180 1460 2220 deformari
1486 2182 1755 2233 ineternum‚

227 2241 333 2295 quia
353 2248 457 2295 post
479 2250 707 2296 peractam
732 2245 926 2299 gloriam
951 2246 1221 2288 infernalem
1243 2249 1446 2289 sencient
1468 2262 1648 2302 penam,
1671 2262 1758 2303 que

227 2322 318 2349 non
348 2309 584 2351 Christum
608 2311 653 2351 in
680 2311 763 2354 hac
792 2313 886 2354 uita
913 2314 993 2354 sed
1020 2314 1292 2356 uilissimam
1321 2316 1480 2357 mundi
1509 2317 1756 2358 uanitatem

223 2384 507 2425 amauerunt‚
540 2386 809 2420 coronantes
838 2394 885 2421 se
914 2381 1029 2421 rosis
1059 2382 1329 2437 priusquam
1362 2391 1756 2433 marcescerent,—

223 2443 303 2484 sed
327 2457 449 2485 nunc
469 2444 528 2486 ad
556 2445 641 2485 alia
678 2448 1017 2501 transeamus]

263 2551 290 2581 1.
318 2549 361 2582 cf.
383 2550 399 2582 I
420 2551 508 2584 Tim.
527 2553 561 2590 2,
578 2554 607 2585 9.
