1881 2985
257 173 325 218 256
721 174 834 211 THE
874 174 994 209 TWO
1037 174 1327 212 ECSTASIES

259 291 456 346 denique
480 291 524 331 in
544 304 755 332 canorem
777 290 974 345 melique
995 290 1009 313 1
1027 290 1259 332 dulcidine
1279 290 1493 345 liquefiat.
1542 291 1647 334 Hoc
1666 292 1787 333 enim

259 373 314 401 ex
339 367 468 413 raptu
498 360 584 401 isto
606 366 884 413 assequetur,
909 359 986 413 qui
1013 358 1071 399 ad
1099 358 1184 399 hoc
1212 359 1412 413 eligitur.
1477 357 1787 413 Quamobrem

248 426 512 469 isciusmodi
528 428 544 452 2
586 433 743 480 raptus
766 439 965 479 magnus
983 434 1049 466 est
1072 433 1114 466 et
1133 426 1370 477 mirabilis,
1397 425 1572 467 excellit
1594 438 1791 480 namque

252 501 301 534 ut
327 493 536 544 arbitror,
567 506 728 534 omnes
758 493 981 543 acciones,
1015 493 1102 542 uie,
1139 492 1246 546 quia
1274 493 1467 547 quedam
1500 492 1789 547 pregustacio

256 559 491 600 estimatur
517 560 757 601 suauitatis
783 559 972 600 eterne.3
1021 560 1314 614 Exceditque‚
1345 561 1389 601 ni
1418 560 1591 611 fallor,4
1633 560 1788 602 omnia

256 625 346 666 alia
375 626 510 677 dona,
540 640 627 681 que
653 627 824 668 sanctis
852 628 896 667 in
927 626 1011 668 hac
1040 628 1415 682 peregrinacione
1436 628 1494 669 ad
1522 629 1733 669 meritum
1761 641 1787 668 a

259 692 358 734 Deo
380 693 687 735 conferuntur.
752 694 804 734 In
826 693 910 735 hoc
934 694 1055 735 enim
1080 702 1309 735 merentur
1331 695 1612 748 superiorem
1637 696 1785 736 locum

258 759 302 799 in
332 760 493 813 patria,
525 760 632 815 quia
660 774 740 815 per
767 760 853 802 hoc
881 761 1029 802 Deum
1063 761 1107 801 in
1139 762 1215 803 uia
1241 762 1485 804 ardencius
1511 770 1553 803 et
1582 762 1788 817 quiecius

253 834 548 877 amauerunt3
574 828 962 883 quemadmodum
990 843 1171 871 summa
1198 830 1329 884 quies
1352 830 1411 871 ad
1437 830 1523 872 hoc
1547 831 1785 885 exquiren-

122 901 148 935 f.
167 902 230 935 941>
255 893 365 934 dum
395 902 435 934 et
462 895 748 936 retinendum
776 896 1048 948 exposcitur,
1079 897 1187 951 quia
1212 897 1256 936 in
1288 897 1428 938 nimia
1455 898 1663 939 mocione
1689 911 1785 940 cor-

254 960 380 1013 poris
404 962 474 1002 uel
503 961 547 1001 in
576 963 838 1004 constancia
863 970 904 1004 et
930 964 1183 1018 uagacione
1204 965 1369 1006 mentis
1396 978 1686 1020 nequaquam
1713 964 1785 1006 uel

252 1027 473 1081 accipitur
506 1030 577 1069 uel
612 1032 836 1071 tenetur.⁵
889 1030 1036 1085 Igitur
1069 1031 1148 1072 ubi
1178 1031 1347 1074 electus
1377 1031 1546 1086 aliquis
1580 1033 1637 1074 ad
1671 1032 1783 1074 illud

253 1095 469 1144 eleuatur‚
502 1096 548 1136 in
581 1110 753 1151 magno
780 1097 965 1152 gaudio,
992 1097 1157 1152 plenus
1189 1098 1355 1139 uirtute
1387 1099 1516 1147 uiuit,
1550 1099 1594 1139 in
1627 1111 1785 1140 secura

251 1163 475 1204 suauitate
496 1164 726 1214 morietur,
750 1171 791 1204 et
811 1172 913 1218 post
932 1164 1050 1206 hanc
1069 1165 1210 1206 uitam
1234 1166 1349 1206 inter
1367 1166 1604 1221 angelicos
1619 1166 1784 1208 choros

252 1229 548 1271 excellencior
570 1238 612 1271 et
638 1231 737 1272 Deo
760 1232 947 1285 propior
967 1232 1157 1275 assistit.

310 1294 495 1337 Interim
523 1304 674 1338 autem
705 1297 839 1339 habet
865 1298 1111 1347 dulcorem,
1137 1299 1375 1348 feruorem,
1401 1308 1444 1341 et
1471 1314 1697 1353 canorem,
1725 1301 1782 1342 de

251 1363 420 1416 quibus
451 1364 588 1419 longe
622 1378 761 1418 supra
795 1373 963 1407 tactum
995 1374 1073 1417 est,
1103 1374 1144 1407 et
1179 1381 1260 1421 per
1294 1382 1381 1423 que
1418 1368 1517 1409 Deo
1552 1369 1704 1417 seruit,
1739 1376 1781 1410 et

251 1427 400 1470 Deum
422 1430 622 1485 diligens
645 1432 708 1472 illi
730 1432 1093 1485 inseparabiliter
1111 1434 1314 1475 adheret.
1377 1435 1469 1476 Sed
1490 1436 1598 1490 quia
1615 1449 1783 1490 corpus

249 1497 372 1551 quod
409 1499 714 1552 corrumpitur
749 1509 975 1554 aggrauat
1010 1502 1227 1549 animam,
1263 1509 1305 1542 et
1341 1509 1518 1544 terrena
1552 1503 1781 1545 habitacio

248 1562 462 1616 deprimit
498 1577 683 1605 sensum
721 1565 863 1605 multa
896 1566 1198 1620 cogitantem;
1239 1581 1330 1608 non
1369 1568 1525 1609 eadem
1565 1569 1780 1611 facilitate

247 1642 426 1683 semper
458 1631 617 1672 iubilat
649 1645 795 1687 neque
829 1647 991 1674 canore
1026 1647 1141 1688 eque
1174 1635 1417 1686 perspicuo
1453 1636 1619 1689 iugiter
1653 1643 1696 1677 et
1731 1636 1775 1676 in

246 1697 464 1738 omnibus
495 1698 671 1739 clamat.
735 1699 1003 1754 Aliquando
1032 1714 1228 1755 namque
1262 1702 1412 1756 magis
1441 1703 1496 1743 de
1526 1702 1702 1743 feruore
1735 1710 1776 1743 et

245 1764 486 1805 dulcedine
510 1766 645 1806 sentit
668 1774 832 1808 etcum
860 1767 1123 1808 difficultate
1150 1768 1286 1810 canit.
1350 1767 1641 1823 Quandoque
1667 1781 1778 1809 uero

244 1830 303 1871 ad
348 1832 618 1880 canendum,
666 1833 779 1873 mira
818 1834 1042 1874 suauitate
1085 1847 1136 1875 ac
1180 1834 1394 1875 facilitate
1434 1835 1630 1888 rapitur3
1669 1848 1773 1877 cum

245 1906 395 1940 tamen
432 1900 584 1941 feruor
618 1902 848 1943 remissior
883 1904 1124 1953 senciatur‚
1164 1917 1270 1957 sepe
1304 1904 1445 1944 eciam
1483 1905 1527 1944 in
1561 1917 1771 1945 canorem

246 1980 348 2007 cum
393 1968 591 2008 maxima
633 1969 876 2009 amenitate
913 1969 1078 2020 euolat,
1121 1977 1163 2010 et
1205 1970 1307 2017 exit,
1347 1977 1389 2011 et
1427 1970 1569 2011 eciam
1622 1970 1773 2023 ipsum

245 2033 469 2075 feruorem
494 2048 546 2076 ac
571 2035 859 2076 dulcedinem
887 2050 991 2077 uere
1015 2037 1101 2078 sibi
1127 2037 1286 2078 adesse
1311 2038 1563 2091 cognoscit.
1629 2036 1773 2077 Num-

245 2115 382 2156 quam
411 2110 561 2143 tamen
590 2112 655 2144 est
683 2103 834 2144 feruor
859 2104 957 2146 sine
982 2105 1180 2153 dulcore,
1207 2105 1420 2159 quamuis
1442 2105 1695 2159 aliquando
1716 2105 1775 2146 sit

244 2168 342 2209 sine
388 2182 565 2217 canore,
610 2183 744 2224 quem
787 2171 928 2212 eciam
978 2171 1167 2224 impedit
1215 2179 1376 2214 cantus
1420 2172 1683 2226 corporalis,
1731 2177 1773 2212 et

244 2236 460 2289 strepitus
502 2237 886 2278 tumultuancium
933 2238 1076 2278 redire
1119 2239 1243 2293 cogit
1287 2239 1333 2279 in
1370 2239 1638 2293 cogitatum.
1719 2237 1771 2278 In

235 2302 482 2342 solitudine
531 2302 758 2357 siquidem
804 2304 1026 2359 liquidius
1075 2312 1251 2355 assunt,
1304 2305 1411 2360 quia
1460 2306 1521 2347 ibi
1572 2305 1771 2360 loquitur

244 2368 436 2410 dilectus
471 2369 529 2410 ad
567 2383 643 2411 cor
679 2377 897 2425 tanquam
935 2372 1222 2413 uerecundus
1258 2379 1433 2414 amator
1471 2372 1548 2428 qui
1578 2373 1771 2414 amicam

299 2465 326 2494 1.
364 2466 439 2507 (j)‘
444 2466 651 2508 ‘mellique'’
701 2470 730 2503 2
763 2469 849 2510 (9)“
866 2468 1102 2501 huiusmodi?

299 2509 327 2539 3.
354 2510 410 2542 Cf
438 2510 547 2551 Hugh
571 2511 608 2542 of
634 2511 667 2543 S.
694 2511 819 2544 Victor
843 2513 894 2546 De
920 2513 1023 2546 arrha
1044 2513 1210 2545 anime—‘
1215 2514 1330 2546 ‘Vere
1353 2514 1412 2546 ille
1436 2516 1489 2546 est
1513 2514 1663 2546 dilectus
1687 2518 1768 2547 tuus

234 2553 295 2594 qui
318 2553 443 2585 visitat
458 2556 494 2585 te
500 2565 576 2593 —‚v
579 2554 654 2586 enit
674 2565 743 2586 non
763 2558 803 2587 ut
824 2558 939 2588 totum
961 2556 1131 2588 infundat
1149 2567 1198 2599 se,
1223 2557 1285 2589 sed
1308 2560 1347 2589 ut
1369 2557 1583 2600 gustandum
1604 2556 1774 2599 praebeat

234 2597 292 2631 se.⁷
297 2597 458 2630 ’Patrem
478 2579 560 2630 L'at.
581 2598 714 2636 clxxvi,
733 2601 805 2633 955.

301 2644 331 2673 4.
354 2640 430 2680 (f)‘
436 2642 497 2672 ‘ut
519 2641 704 2673 arbitrors'

304 2687 332 2717 5.
354 2685 442 2726 (q)“
459 2689 494 2717 et
509 2684 619 2716 nimia
634 2685 790 2717 mocione
809 2685 865 2717 uel
883 2686 1123 2718 inconstancia
1140 2689 1176 2719 et
1192 2686 1381 2728 uagacione
1399 2687 1528 2720 mentis
1548 2697 1765 2729 nequaquam

232 2727 404 2768 accipitur
436 2727 492 2760 uel
525 2729 702 2760 teneturst
