1881 2985
464 171 575 208 THE
606 171 886 208 PRESENCE
919 171 986 205 OF
1017 170 1128 207 THE
1162 171 1412 209 BELOVED
1637 186 1701 220 273

179 291 315 332 finem
341 291 497 332 solacii
526 292 612 332 mei
639 305 690 333 ac
716 291 942 339 desiderii,
971 291 1157 345 quando
1177 291 1234 332 ad
1263 306 1332 332 me
1357 293 1456 344 ipsa
1481 295 1694 343 eueniret,

178 359 334 399 timere
367 365 525 412 potero
556 358 612 399 de
644 358 936 412 separacione
963 358 1149 398 ardente
1196 367 1238 399 et
1283 372 1450 410 amara,
1481 361 1698 414 quoniam

177 427 327 467 omnis
351 426 543 468 felicitas
563 439 700 481 quam
723 425 870 467 habeo
890 426 936 466 in
959 425 1222 467 huiusmodi
1241 440 1407 475 amore,
1431 427 1476 467 in
1494 427 1583 468 fine
1607 441 1697 468 non

178 500 244 534 est
271 493 358 534 nisi
385 492 518 534 fletus
542 500 584 534 et
608 493 813 535 anxietas
838 493 1024 547 quando
1046 493 1133 533 iam
1157 506 1299 547 prope
1326 501 1405 543 est,
1433 494 1556 548 quod
1582 507 1699 548 pena

177 559 459 600 amarissime
480 559 680 599 animam
703 559 936 600 cruciabit.

235 625 386 667 Omne
413 626 563 680 itaque
589 626 968 667 oblectamentum
996 626 1119 681 quod
1147 626 1356 669 homines
1380 628 1425 667 in
1454 627 1539 669 hoc
1564 627 1702 669 exilio

175 699 450 745 aspexerunt
480 693 587 734 feno
616 700 919 747 comparatur,
959 694 1239 748 quod‹nunc
1271 694 1399 736 floret
1429 704 1471 737 et
1505 696 1698 744 uirescit,

175 755 255 796 sed
298 755 509 808 protinus
554 756 740 796 euanuit
802 756 933 811 quasi
974 769 1065 797 non
1115 756 1264 797 fuerit.
1358 757 1437 799 Sic
1483 757 1698 798 nimirum

176 822 397 876 gaudium
434 821 571 863 huius
602 822 761 863 mundi
814 829 928 864 recte
977 822 1374 864 considerantibus
1419 831 1622 878 apparet,
1656 830 1699 864 et

175 889 522 931 succedentibus
551 889 638 931 sibi
667 890 848 931 solaciis
876 890 1162 944 captiuorum
1196 905 1431 946 nunquam
1465 893 1510 932 in
1539 892 1698 933 eodem

175 962 293 997 statu
320 963 565 1010 permanet,
593 956 672 997 sed
700 969 880 1010 semper
907 957 1067 998 transit
1088 957 1234 998 donec
1263 957 1308 998 in
1337 957 1558 1000 nichilum
1585 958 1698 1000 redi-

174 1029 320 1077 gatur.
385 1022 437 1062 In
465 1022 617 1064 labore
643 1031 794 1064 tamen
822 1031 863 1064 et
889 1036 1112 1077 erumpna
1134 1037 1296 1066 omnes
1321 1024 1590 1073 consistunt,
1617 1038 1699 1066 nec

174 1101 226 1129 ea
255 1088 497 1143 quisquam
524 1089 687 1143 poterit
713 1090 898 1130 euitare.
962 1090 1148 1131 Amoris
1175 1097 1326 1131 autem
1357 1090 1505 1133 fidelis
1533 1099 1575 1132 et
1605 1104 1697 1132 non

173 1154 263 1195 ficti
297 1162 458 1196 natura
490 1155 571 1197 hec
603 1163 684 1207 est,
718 1163 766 1197 ut
793 1157 1003 1210 persistat
1037 1157 1082 1197 in
1114 1157 1358 1199 stabilitate
1391 1166 1621 1213 perpetua,
1654 1166 1696 1199 et

174 1236 463 1278 quocumque
502 1237 760 1265 successore
800 1238 923 1266 nouo
961 1238 1052 1265 non
1094 1232 1304 1276 mutetur,
1347 1225 1487 1266 unde1
1522 1232 1565 1266 et
1603 1225 1696 1265 uita

173 1304 261 1346 que
315 1291 610 1333 dileccionem
668 1292 872 1333 inuenire
929 1293 1139 1346 potuerit,
1197 1305 1388 1347 eamque
1442 1293 1488 1333 in
1546 1298 1696 1333 mente

172 1356 390 1397 ueraciter
436 1357 718 1411 cognouerit,
764 1371 792 1398 a
840 1357 995 1398 dolore
1045 1357 1325 1398 conuertitur
1376 1357 1421 1398 in
1467 1356 1695 1398 ineffabile

171 1423 407 1478 gaudium,
443 1430 485 1464 et
518 1430 815 1465 conuersatur
845 1424 890 1464 in
926 1424 1177 1465 misterium
1214 1424 1424 1465 melodie.
1519 1424 1693 1465 Melum

171 1490 292 1530 enirn
327 1490 511 1539 amabit,
549 1498 591 1531 et
628 1490 866 1532 iubilando
896 1491 941 1531 in
984 1488 1117 1532 Ihesu
1154 1491 1484 1533 assimilabitur
1516 1491 1694 1533 auicule

168 1557 348 1598 canenti
378 1570 522 1612 usque
544 1557 604 1598 ad
635 1564 840 1608 mortem,
874 1558 954 1599 sed
984 1565 1026 1598 et
1053 1558 1243 1599 forsitan
1275 1559 1320 1599 in
1352 1566 1496 1600 morte
1523 1558 1695 1600 solacio

171 1638 261 1666 non
287 1625 454 1666 carebit
475 1625 637 1667 cantici
661 1626 876 1677 caritatis,
906 1627 943 1667 si
968 1627 1090 1668 enim
1116 1627 1354 1682 contingat
1380 1627 1509 1679 mori,
1530 1634 1574 1669 et
1600 1640 1691 1668 non

168 1693 328 1747 pocius
360 1693 523 1736 uiuens
555 1694 746 1735 transire
776 1695 834 1736 ad
858 1702 1060 1736 amatum
1091 1709 1244 1737 suum.
1308 1695 1418 1738 Post
1450 1696 1691 1738 transitum

167 1759 364 1814 denique
393 1759 658 1801 mirabiliter
703 1760 956 1801 eleuabitur
1002 1760 1048 1801 in
1096 1760 1277 1802 laudem
1326 1761 1603 1809 Conditoris‚
1649 1767 1691 1802 et

168 1826 529 1868 inestimabiliter
567 1826 721 1869 affluet
764 1827 940 1869 deliciis
993 1829 1212 1876 canendo,
1255 1836 1298 1870 et
1357 1829 1402 1870 in
1445 1830 1689 1871 clamorem

166 1893 453 1947 seraphicum
490 1894 578 1936 cito
612 1902 832 1949 assurget,
883 1903 931 1936 ut
978 1895 1211 1937 laudando
1252 1897 1397 1938 luceat
1446 1904 1488 1938 et
1522 1896 1689 1938 seruiat

167 1960 332 2015 iugiter
394 1961 492 2002 sine
555 1961 659 2002 fine.
739 1962 808 2003 Ibi
872 1963 1065 2004 aderunt
1111 1963 1352 2017 amplexus
1414 1965 1583 2006 amoris
1646 1971 1688 2005 et

165 2028 367 2069 suauitas
422 2029 697 2080 amancium,
758 2030 1050 2083 copulabitur
1111 2031 1156 2071 in
1214 2031 1363 2082 corde,
1420 2032 1689 2073 coniunccio

157 2107 363 2135 carorum
399 2095 624 2136 constabit
661 2096 705 2136 in
735 2104 956 2138 eternum.
1036 2097 1311 2139 Mellifluum
1345 2112 1397 2140 os
1429 2099 1585 2140 oscula
1617 2112 1686 2140 ex-

164 2160 337 2202 hibebit
363 2162 565 2211 delicata,
589 2171 631 2203 et
652 2176 780 2205 amor
804 2166 1041 2220 utriusque
1068 2179 1304 2220 nunquam
1332 2166 1542 2208 cessabit.

222 2227 339 2269 Mihi
368 2243 565 2285 namque
589 2231 857 2273 immensam
888 2232 1081 2273 leticiam
1110 2246 1162 2274 ac
1186 2234 1470 2275 securitatem
1499 2239 1685 2289 generat
1706 2237 1729 2271 f.
1750 2237 1812 2273 97b

164 2297 397 2350 presencia
456 2298 593 2338 amati
653 2299 754 2347 mei,
816 2313 896 2341 nec
957 2300 1094 2342 ullius
1155 2301 1365 2343 molescie
1423 2315 1527 2344 cum
1585 2302 1686 2355 ipso

157 2362 436 2405 reminiscor.
516 2364 726 2405 Cuncta2
754 2365 1051 2407 aduersancia
1083 2374 1376 2419 euanescunt‚
1407 2381 1568 2410 omnes
1597 2367 1685 2409 alie

160 2429 429 2472 affecciones
454 2437 496 2471 et
520 2432 910 2485 concupisciencie
937 2446 1027 2474 non
1051 2440 1328 2487 comparent,
1356 2434 1497 2475 immo
1521 2433 1683 2476 sedan-

162 2504 235 2538 tur
254 2505 296 2538 et
321 2498 600 2551 dispareunt,
628 2507 670 2540 et
694 2500 791 2554 ipse
818 2501 945 2542 solus
971 2514 1041 2541 me
1070 2501 1209 2542 reficit
1236 2509 1278 2542 et
1305 2501 1514 2552 inuoluit,
1546 2513 1680 2555 quem

160 2562 309 2604 solum
332 2577 431 2604 mea
452 2577 580 2606 mens
602 2565 810 2606 ardenter
830 2566 1110 2619 concupiuit.
1173 2566 1244 2607 Tu
1269 2573 1419 2607 autem
1445 2566 1680 2608 Christum

216 2681 243 2710 1.
274 2678 322 2720 (9)
350 2679 477 2711 “unde
498 2682 534 2711 et
558 2679 619 2721 qui
643 2680 747 2713 istam
771 2680 995 2714 dileccionem
1017 2682 1178 2714 inuenire
1196 2682 1362 2724 poterit.”

215 2723 245 2755 2.
282 2723 326 2764 (f)
352 2722 565 2755 “aduersa.'’

281 2785 300 2810 S
