1881 2985
427 166 712 203 SPIRITUAL
746 166 889 201 SONG
923 166 1317 203 UNEXPLAINED
1571 179 1635 212 253

113 286 363 326 carnalium
396 286 597 327 motibus
626 286 939 327 affeccionum.
1005 225 1196 337 Addunt
1226 287 1284 327 ad
1316 286 1403 328 hoc
1432 287 1634 340 plerique

113 360 366 394 asserentes
399 354 521 408 quod
555 361 686 395 sonat
720 354 852 395 corde
886 354 985 409 eius
1014 353 1145 395 dulce
1175 354 1281 408 quid
1328 361 1370 394 et
1401 367 1633 401 canorum,

115 420 236 460 unde
264 420 437 473 rapitur
464 421 630 462 siciens
658 428 699 461 et
726 421 981 461 mulcetur:
1012 420 1090 461 sed
1117 433 1208 460 non
1237 427 1557 473 exposuerunt,
1587 427 1636 461 ut

115 499 204 540 ego
246 487 374 539 potui
426 500 712 541 cognoscere,
765 468 997 541 quomodo
1042 486 1267 540 cogitacio
1314 487 1359 527 in
1411 486 1635 527 canticum

115 558 431 602 commutatur,
455 560 497 592 et
521 552 687 593 melum
712 559 913 593 moratur
933 552 978 591 in
1002 559 1166 602 mente,
1192 559 1233 592 et
1253 565 1344 606 qua
1365 551 1637 593 iubilacione

116 630 271 671 preces
291 618 564 659 modulatur.

775 731 884 773 CAP.
910 742 981 784 37.

117 819 274 876 (Quod
306 834 441 861 uerus
475 827 649 861 amator
677 820 825 861 solum
860 827 1061 860 amatum
1097 818 1272 873 diligit;
1304 826 1345 860 et
1379 818 1435 859 de
1469 816 1642 870 duplici

233 893 380 939 raptu,
407 893 530 927 extra
553 899 719 938 corpus
738 893 779 926 et
798 886 853 926 de
876 884 1134 926 eleuacione
1158 885 1323 926 mentis
1341 884 1386 924 in
1413 883 1578 933 Deum,
1603 889 1645 923 et

224 953 280 993 de
304 953 573 993 excellencia
596 953 820 1005 secundi.)

179 1026 464 1080 Languentis
493 1027 680 1079 spiritus
710 1026 843 1066 ardor
869 1039 922 1066 ex
953 1025 1292 1079 pulchritudine
1325 1024 1410 1065 Dei
1442 1036 1607 1079 purum
1627 1022 1641 1046 ¹

119 1094 317 1134 ostendit
337 1107 551 1141 amorem,
575 1093 680 1147 quia
702 1101 743 1133 et
763 1100 910 1147 preter
929 1107 1062 1134 suum
1082 1100 1284 1133 amatum
1308 1091 1421 1131 nihil
1444 1090 1641 1144 requirit,

120 1168 162 1202 et
187 1175 345 1203 omnes
366 1161 480 1202 alios
502 1161 690 1202 affectus
710 1161 891 1215 penitus
916 1161 1156 1214 extinguit.
1222 1159 1298 1200 Sic
1323 1160 1444 1201 enirn
1472 1159 1609 1199 libere
1627 1158 1643 1182 2

122 1241 252 1269 mens
276 1228 320 1268 in
346 1228 390 1268 id
416 1228 538 1282 quod
563 1235 684 1268 amat
708 1227 907 1268 suauiter
932 1226 1130 1277 affertur,
1161 1233 1202 1266 et
1229 1226 1328 1279 ipsa
1354 1225 1641 1266 uoluntatum

120 1295 379 1335 amancium
401 1293 623 1334 connexio
644 1293 863 1334 stabiliter
883 1292 1188 1341 confirmatur,
1209 1292 1318 1332 dum
1341 1305 1431 1332 non
1451 1290 1644 1332 occurrit

123 1360 245 1415 quod
277 1367 504 1400 amantem
538 1374 564 1400 a
597 1373 681 1400 suo
721 1359 956 1412 proposito
994 1358 1195 1411 impedit,
1237 1371 1382 1412 neque
1421 1358 1479 1398 ad
1518 1358 1644 1398 aliud

122 1424 419 1479 cogitandum
449 1424 630 1464 retroire
659 1424 804 1477 cogit;
834 1430 881 1463 ut
906 1436 1066 1463 amans
1095 1436 1197 1464 curn
1226 1435 1405 1463 summa
1434 1422 1646 1463 felicitate

122 1506 257 1534 suum
291 1498 493 1532 assumat
528 1490 816 1538 desiderium,
852 1496 894 1530 et
930 1489 1143 1529 uelociter
1175 1488 1301 1529 omni
1340 1487 1645 1528 retardacione

124 1565 306 1605 remota,
337 1565 484 1598 currat
516 1557 560 1596 in
591 1556 829 1609 amplexus
856 1555 1175 1596 dileccionum.
1241 1553 1361 1594 Inter
1389 1553 1471 1594 has
1494 1559 1645 1593 autem

117 1625 303 1666 delicias
330 1637 443 1678 quas
467 1623 694 1677 degustat,
727 1629 817 1662 tam
846 1621 966 1662 dulci
997 1633 1151 1661 amore
1174 1619 1402 1672 experitur
1430 1630 1643 1658 arcanum

123 1691 289 1733 celicus
313 1690 568 1730 immissum
589 1703 598 1728 ε
630 1688 753 1742 quod
778 1700 911 1727 nemo
933 1686 1083 1727 adhuc
1107 1685 1234 1725 nouit
1258 1684 1344 1724 nisi
1364 1682 1441 1737 qui
1461 1678 1646 1733 accepit,

125 1765 260 1811 atque
305 1756 595 1797 electuarium
649 1755 693 1794 in
745 1768 792 1795 se
843 1754 957 1808 gerit
1007 1752 1128 1806 quod
1179 1750 1354 1792 debriat
1403 1748 1649 1802 diligentes
1669 1754 1692 1788 f.
1713 1756 1756 1787 93

125 1825 345 1867 iocundos
364 1825 408 1864 in
431 1824 580 1870 Ihesu,
599 1830 640 1863 et
660 1823 765 1863 facit
784 1822 935 1863 felices
951 1828 999 1861 ut
1020 1834 1109 1860 non
1130 1825 1306 1860 cessent
1325 1816 1570 1858 accelerare
1591 1813 1648 1854 ad

126 1892 377 1933 sedendum
413 1891 458 1930 in
490 1890 642 1932 celicis
674 1889 859 1930 sedibus
891 1895 932 1927 et
963 1887 1173 1927 fruantur
1205 1884 1351 1939 gloria
1384 1880 1650 1924 Conditoris

127 1959 224 1999 sine
259 1957 365 1998 fine.
429 1957 503 1997 Ad
535 1956 652 1997 hanc
688 1955 934 2007 suspirant,
974 1951 1236 2006 aspectibus
1270 1948 1481 2003 supernis
1519 1946 1648 1988 insis-

128 2032 285 2072 tentes,
315 2031 356 2064 et
387 2022 654 2063 inflammati
686 2021 947 2062 medullitus
975 2019 1131 2060 omnia
1160 2017 1319 2057 intima
1344 2029 1426 2057 sua
1456 2014 1651 2054 letantur

131 2090 334 2131 ludifluis
380 2089 602 2130 illustrata
642 2101 739 2128 esse
783 2085 1109 2139 splendoribus
1152 2083 1402 2129 letificatos,
1449 2080 1556 2134 quia
1600 2092 1648 2120 se

129 2157 338 2198 senciunt
364 2154 659 2196 amenissimo
687 2166 839 2193 amore
868 2160 910 2192 et
940 2152 984 2191 in
1011 2150 1184 2205 gaudio
1210 2148 1487 2190 canticorum
1518 2146 1650 2186 mira-

130 2225 278 2266 biliter
297 2222 579 2277 liquefactos.
647 2220 782 2262 Unde
802 2227 843 2260 et
862 2219 1168 2273 cogitaciones
1189 2230 1344 2257 eorum
1364 2214 1529 2256 mellite
1546 2220 1650 2254 sunt

133 2293 178 2333 in
217 2305 301 2333 suo
340 2290 603 2337 ministerio,
632 2289 748 2342 quia
784 2288 925 2328 eciam
961 2285 1187 2327 studendo
1225 2291 1266 2324 et
1304 2281 1568 2324 meditando
1605 2280 1649 2319 in

132 2358 380 2412 scripturis,
399 2370 452 2397 ac
474 2357 615 2397 eciam
640 2356 683 2394 in
708 2354 950 2395 scribendo
970 2352 1042 2392 uel
1059 2351 1275 2392 dictando
1292 2350 1496 2403 cogitant
1517 2360 1651 2388 suum

132 2433 349 2475 amatum,
387 2430 429 2464 et
461 2437 487 2463 a
517 2422 669 2463 solito3
704 2421 853 2462 laudis
884 2432 1062 2473 organo
1098 2432 1187 2458 non
1223 2416 1455 2466 recedunt„
1515 2413 1651 2468 Quod

135 2492 318 2547 quidem
377 2490 541 2530 mirum
587 2487 870 2529 estimabitur
915 2499 1017 2526 cum
1064 2498 1155 2524 una
1197 2496 1337 2530 mens,
1380 2481 1473 2522 duo
1515 2478 1651 2522 simul

136 2559 390 2613 impleatur,
420 2557 575 2610 utique
597 2555 754 2596 eodem
780 2563 982 2607 tempore
1008 2553 1201 2601 intenta3
1225 2551 1310 2591 hoc
1332 2558 1397 2591 est
1423 2557 1470 2589 ut
1498 2547 1653 2588 laudes

136 2636 178 2669 et
210 2639 387 2668 amores
417 2638 525 2666 suas
558 2623 691 2665 Ihesu
725 2622 933 2663 canendo
960 2617 1130 2669 offerat,
1160 2626 1308 2660 mente
1343 2617 1570 2658 iubilans:
1611 2621 1653 2654 et

194 2712 222 2741 1.
253 2709 300 2751 (9)
330 2705 548 2749 “primum.’'
620 2707 648 2737 2.
679 2705 727 2746 (9)
763 2703 902 2735 “labi.”
956 2702 1005 2743 (h)
1041 2701 1225 2733 “labora’'
1300 2702 1328 2732 3.
1359 2699 1407 2742 (9)
1442 2697 1612 2730 “celico.’'
