1881 2985
628 214 913 251 SPIRITUAL
952 214 1118 249 PRIDE
1571 224 1636 259 177

110 333 267 374 decet1
302 332 511 387 angelica
541 332 746 373 societas.
824 329 959 372 Multi
995 336 1101 371 sunt
1138 329 1309 383 quippe
1341 329 1418 383 qui
1450 343 1556 383 sepe
1588 330 1633 370 in

110 412 279 453 magna
306 398 556 439 deuocione
585 405 627 438 et
655 397 877 439 suauitate
907 410 1063 450 preces
1093 410 1200 438 suas
1232 396 1333 437 Deo
1364 395 1560 436 offerunt
1592 402 1634 435 et

109 465 397 507 dulcedinem
427 465 832 519 contemplacionis
860 463 1035 505 orando
1069 463 1140 504 uel
1175 462 1439 503 meditando
1467 462 1635 516 degus-

107 542 200 574 tare
227 538 436 586 possunt,
469 532 546 587 qui
575 545 666 573 non
691 531 949 572 discurrunt
977 529 1056 571 sed
1084 536 1267 569 manent
1295 529 1339 568 in
1365 526 1552 583 quiete.2

777 666 887 708 CAP.
928 678 991 706 12.

112 775 203 830 (De
238 788 329 815 non
369 774 614 816 iudi-cando
647 773 801 821 alium,
833 772 912 813 sed
948 771 1004 812 de
1038 771 1221 826 agendo
1252 770 1453 825 gracias;
1505 776 1547 810 et
1582 768 1637 809 de

226 848 328 882 octo
362 840 599 882 affectibus
627 840 795 881 amoris
828 839 928 888 Dei,
959 845 1001 880 et
1035 839 1091 879 de
1127 837 1363 879 consorcio
1397 836 1637 878 mulierum

227 907 451 960 unando)

157 1008 349 1063 [Siquis
374 1009 390 1033 3
421 1016 573 1050 sancte
612 1008 683 1050 uel
720 1008 835 1049 iuste
868 1007 1007 1054 uiuat,
1044 1012 1301 1060 peccatores
1338 1012 1380 1046 et
1416 1003 1641 1059 pessimos
1660 1010 1685 1043 f.
1706 1011 1747 1044 16

116 1091 207 1118 11011
240 1083 544 1130 contempnat.
605 1075 835 1128 Temptati
869 1074 989 1114 enim
1022 1073 1190 1114 cadunt
1219 1072 1326 1126 quia
1355 1083 1445 1110 non
1473 1068 1641 1109 habent

115 1144 316 1199 graciam
358 1142 608 1189 resistendi,
648 1154 927 1197 quamquam
967 1153 1046 1193 per
1080 1139 1311 1193 propriam
1350 1137 1577 1178 maliciam
1615 1149 1641 1175 a

115 1211 240 1252 bono
261 1210 319 1250 ad
343 1209 512 1250 malum
538 1222 586 1250 se
606 1214 894 1250 conuertunt.
960 1206 1065 1247 Non
1087 1213 1235 1260 potest
1259 1205 1503 1260 quisquam
1527 1204 1642 1244 bene

116 1278 293 1331 operari
321 1284 362 1317 et
387 1277 536 1317 Deum
558 1289 721 1327 amare,
749 1288 800 1315 ac
824 1274 1063 1315 continens
1089 1286 1199 1321 esse,
1227 1272 1314 1313 nisi
1342 1271 1427 1313 hoc
1453 1270 1541 1312 sibi
1568 1270 1643 1311 det

120 1344 261 1385 Deus.
325 1343 396 1385 Tu
431 1343 583 1397 itaque
617 1342 693 1396 qui
730 1341 904 1382 inflaris
937 1340 1043 1394 quia
1076 1340 1191 1381 bene
1220 1338 1368 1393 egisti,
1403 1338 1509 1392 quia
1542 1344 1586 1377 te
1617 1350 1644 1377 a

116 1410 376 1452 carnalibus
411 1409 725 1463 uoluptatibus
755 1408 1036 1458 restrinxisti,
1070 1414 1112 1447 et
1144 1419 1352 1459 asperam
1385 1405 1643 1448 sustinuisti

118 1477 420 1532 penitenciam
468 1476 588 1518 unde
632 1482 673 1516 et
712 1475 769 1516 ab
810 1488 886 1516 ore
924 1474 1128 1516 humano
1167 1473 1379 1526 accep-isti
1425 1472 1635 1513 laudem:
1665 1483 1691 1515 f.
1712 1482 1774 1516 161>

119 1551 345 1584 memento
369 1543 475 1598 quia
498 1543 585 1584 nisi
606 1543 787 1584 bonitas
810 1541 982 1583 Christi
1005 1542 1086 1583 tibi
1112 1539 1417 1595 protexisset,4
1442 1541 1488 1580 in
1511 1539 1651 1581 tantis

120 1610 191 1652 uel
220 1611 265 1650 in
297 1610 531 1663 peioribus
559 1609 691 1650 malis
720 1609 764 1649 in
797 1609 980 1664 quantis
1010 1609 1092 1649 iste
1119 1609 1276 1662 lapsus
1299 1615 1365 1648 est
1391 1608 1643 1649 cecidisses.

120 1676 226 1717 Non
259 1690 368 1718 uero
399 1690 426 1717 a
462 1684 503 1717 te
539 1676 681 1718 habes
716 1677 927 1718 uirtutem
967 1675 1217 1723 resistendi,
1253 1675 1333 1716 sed
1363 1676 1421 1716 ab
1459 1674 1537 1715 illo
1572 1673 1644 1715 cui

119 1743 283 1784 dicitur
315 1742 522 1797 Diligam
553 1748 592 1785 te
627 1743 808 1784 domine
843 1741 1060 1794 fortitudo
1099 1742 1239 1783 mea.5
1302 1742 1353 1784 Si
1386 1757 1499 1798 ergo
1535 1742 1649 1783 nihil

121 1808 261 1850 habes
283 1809 405 1863 quod
427 1823 517 1850 non
541 1810 767 1863 accepisti,
789 1822 868 1850 cur
886 1809 1097 1864 gloriaris
1119 1810 1248 1864 quasi
1273 1823 1364 1850 non
1384 1810 1646 1863 acceperis?

123 1875 226 1929 Ego
247 1883 398 1917 autem
423 1876 601 1930 gracias
622 1889 714 1931 ago
735 1876 837 1917 Deo
858 1876 995 1923 meost5
1017 1877 1095 1932 qui
1120 1877 1219 1918 sine
1241 1876 1415 1917 meritis
1434 1876 1547 1916 meis
1566 1887 1649 1928 pro

182 1989 210 2018 1.
238 1986 344 2019 Short
362 1988 459 2018 texts
479 1987 700 2019 “occurret.”

183 2031 212 2060 2.
243 2029 301 2070 (j),
325 2031 350 2061 f.
377 2031 427 2069 72,
448 2030 519 2061 like
535 2030 596 2062 the
615 2030 716 2062 other
735 2030 832 2062 short
848 2033 957 2072 texts,
980 2031 1084 2063 omits
1105 2041 1178 2072 cap.
1205 2033 1243 2062 12
1261 2044 1268 2062 ι
1293 2030 1358 2063 but
1378 2031 1473 2064 John
1496 2031 1648 2063 Newton

118 2072 181 2104 has
200 2073 393 2104 annotated
415 2074 433 2086 “
451 2073 653 2114 Capitulum
673 2073 917 2106 duodecimum
938 2074 1075 2115 require
1096 2074 1132 2105 in
1152 2077 1270 2106 tractu
1293 2075 1351 2115 qui
1375 2074 1506 2106 dicitur
1527 2074 1650 2106 Oleum

119 2115 267 2147 effusum
295 2117 452 2155 nomen,''
480 2117 537 2148 ie.
565 2117 603 2147 in
628 2116 690 2148 the
716 2117 879 2158 Chapters
908 2118 998 2149 from
1025 2117 1086 2149 the
1110 2118 1321 2150 Incendium
1342 2118 1458 2150 which
1486 2118 1581 2159 here,
1611 2128 1650 2149 as

116 2158 317 2200 elsewhere,
340 2159 458 2191 follow
475 2162 556 2200 part
575 2160 612 2192 of
632 2159 761 2192 Rolle’s
781 2163 961 2194 comment
984 2171 1028 2193 on
1049 2161 1113 2193 the
1138 2161 1325 2194 Oanticles.

180 2204 209 2233 3.
246 2202 333 2248 This
365 2202 510 2243 chapter
542 2203 578 2234 in
608 2203 666 2244 (j),
700 2204 725 2235 f.
763 2206 813 2245 16,
843 2214 963 2235 occurs
995 2214 1118 2244 among
1151 2204 1214 2235 the
1247 2204 1430 2236 selections
1466 2205 1556 2236 from
1588 2204 1652 2235 the

122 2246 332 2278 lncendzum
360 2245 471 2277 found
505 2246 600 2278 after
631 2246 692 2278 the
723 2250 904 2280 comment
930 2258 976 2280 on
1004 2247 1067 2279 the
1107 2247 1282 2280 Canticles
1319 2247 1443 2289 (called
1471 2247 1519 2289 by
1551 2247 1646 2280 John

122 2289 274 2320 Newton
298 2289 359 2321 the
383 2289 539 2321 “Oleum
562 2290 711 2322 effusum
727 2290 772 2330 '’).
822 2290 898 2321 The
921 2290 1033 2321 scribe
1054 2289 1131 2321 who
1153 2290 1278 2331 copied
1301 2290 1364 2323 the
1384 2291 1559 2324 Canticles
1586 2290 1649 2322 has

119 2334 182 2364 not
203 2331 347 2363 marked
366 2332 427 2364 the
446 2333 635 2364 transition
654 2336 692 2366 to
713 2333 776 2365 the
796 2333 1005 2365 Incendium
1028 2343 1203 2375 passages,
1226 2333 1291 2365 but
1314 2334 1467 2366 Newton
1490 2334 1606 2365 added
1628 2343 1649 2364 a

121 2375 293 2416 marginal
314 2379 407 2416 note,
427 2375 663 2418 “Capitulum
694 2377 925 2409 duodeimum
949 2377 993 2409 de
1010 2376 1171 2409 incendio
1192 2376 1354 2409 amoris.’'

181 2420 212 2449 4.
242 2419 286 2451 So
316 2418 398 2459 long
426 2421 534 2450 texts.
584 2419 689 2451 Short
718 2422 816 2452 texts
846 2419 916 2451 and
942 2419 1127 2451 selections
1157 2420 1253 2451 after
1283 2420 1470 2459 Canticles,
1499 2421 1648 2462 “peper-

118 2462 258 2496 cisset.”
320 2465 350 2496 5.
382 2462 514 2496 Psalm.
540 2463 590 2503 17,
613 2465 642 2494 2.

186 2509 216 2540 6.
242 2505 329 2537 This
352 2515 501 2547 passage
522 2505 644 2537 recalls
669 2505 732 2538 the
756 2505 948 2546 beginning
975 2506 1012 2536 of
1039 2505 1243 2538 Peckham's
1266 2507 1452 2540 Canticum
1479 2505 1648 2548 Pauperis

121 2561 184 2592 pro
211 2549 361 2590 Dilecto,
393 2548 627 2590 (Bibliotheca
653 2548 873 2590 franciscana
899 2548 1047 2581 ascetica
1072 2549 1182 2581 medii
1210 2549 1297 2588 aevi,
1326 2549 1423 2581 Tom.
1454 2549 1521 2591 IV,
1553 2551 1644 2580 1905.

121 2592 343 2633 Quaracchi).
421 2592 650 2633 “Confitebor
693 2592 759 2624 tibi
810 2592 957 2623 Domine
1002 2592 1087 2630 Rex,
1135 2597 1170 2624 et
1214 2593 1417 2625 collaudabo
1461 2597 1492 2625 te
1536 2593 1646 2624 Deum

120 2637 339 2671 Salv-acorem
357 2646 483 2675 meum,
507 2635 668 2676 quoniam
688 2645 758 2666 non
780 2634 983 2667 sustinuisti
999 2635 1036 2666 in
1055 2639 1165 2667 morte
1185 2646 1296 2668 meam
1314 2635 1464 2667 animam
1484 2634 1644 2667 miseram

120 2680 332 2713 obdormire.
380 2678 472 2709 Dum
494 2678 585 2709 enim
607 2678 643 2709 in
664 2678 919 2710 adolescentiae
938 2677 1048 2709 deviis
1067 2677 1258 2719 oberarem,
1282 2679 1404 2711 audivi
1426 2689 1543 2710 vocem
1565 2684 1644 2720 post

122 2729 258 2765 tei-qum
275 2721 481 2762 monentis‚''
498 2723 563 2753 etc.
611 2721 687 2753 The
707 2721 952 2762 resemblance,
963 2720 1157 2763 suggested
1167 2724 1206 2754 to
1215 2732 1272 2755 me
1283 2721 1330 2764 by
1340 2721 1410 2754 Mr.
1420 2722 1463 2755 A.
1472 2721 1512 2754 G.
1522 2721 1646 2760 Little,

120 2767 207 2799 ends
228 2766 321 2798 here.

206 2834 237 2858 M
