1881 2985
566 161 706 198 FATE
747 161 815 196 OF
854 160 965 197 THE
1006 160 1273 197 WORLDLY
1618 171 1683 206 157

153 278 338 319 delicias
367 278 565 332 paradisi
594 278 903 333 perfruendas,
936 276 1064 332 quial
1102 285 1299 332 pergunt
1333 277 1377 317 in
1410 278 1676 331 peruersita-

156 345 278 387 tibus
300 345 398 386 suis
422 359 566 400 usque
590 345 648 386 ad
673 352 874 392 mortem,
900 351 941 385 et
966 344 1068 385 ideo
1090 344 1251 384 merito
1277 357 1366 384 non
1394 343 1679 397 mitigabitur

152 425 308 453 eorum
350 412 563 460 mesticia,
608 426 688 453 nec
729 412 858 453 dolor
899 411 1247 464 dampnacionis
1290 410 1525 458 delebitur,
1571 410 1678 464 quia

155 479 409 521 uoluntarie
432 479 606 521 uadunt
629 479 673 519 in
697 478 1008 532 uoluptatibus
1029 484 1071 518 et
1095 477 1241 525 bonis,
1265 484 1306 518 et
1329 490 1412 531 pro
1430 477 1678 518 dileccione

153 545 390 599 deceptiua
420 560 620 587 amorem
657 546 796 587 eterni
831 545 1047 586 amatoris
1083 544 1330 599 procaciter
1365 543 1674 597 perdiderunt.

155 612 354 653 Proinde
392 612 436 652 in
475 613 604 667 penis
638 612 870 667 perpetuis
903 612 1037 666 plane
1070 611 1339 666 penitebunt
1370 611 1492 665 quod
1523 623 1678 664 pecca-

155 687 329 727 uerunt,
371 686 413 719 et
454 687 603 720 tamen
650 693 883 734 nunquam
924 692 950 719 a
990 678 1181 732 piaculis
1223 678 1557 732 purgabuntur,
1599 676 1678 718 sed

152 746 429 788 continuatis
459 747 647 800 ignibus
676 746 997 788 cremabuntur
1028 746 1126 786 sine
1158 743 1484 787 consolatore.2

825 952 933 993 CAP.
967 961 1009 1003 5.

155 1074 327 1130 (Quare
354 1076 502 1130 magis
527 1076 853 1117 intendendum
875 1082 941 1116 est
966 1075 1109 1115 amori
1137 1074 1298 1115 diuino
1326 1087 1463 1128 quam
1488 1071 1680 1114 sciencie

695 1142 765 1184 uel
791 1141 1135 1196 disputacioni.)

214 1256 336 1296 Inter
365 1256 519 1296 omnia
554 1269 641 1310 que
674 1256 857 1310 agimus
891 1262 968 1296 aut
1001 1255 1258 1309 cogitamus
1292 1255 1442 1307 magis
1475 1252 1679 1294 intenda-

155 1337 257 1365 mus
293 1323 453 1364 diuino
486 1323 629 1363 amori
667 1336 803 1377 quam
841 1322 1033 1363 sciencie
1070 1328 1111 1362 et
1149 1321 1473 1376 disputacioni.
1536 1320 1681 1360 Amor

155 1390 275 1430 enim
325 1390 514 1431 delectat
562 1390 761 1429 animam
818 1396 859 1429 et
912 1403 1099 1431 suauem
1155 1388 1288 1429 efficit
1336 1388 1680 1434 conscienciam,

154 1456 339 1497 trahens
381 1470 478 1497 eam
523 1471 549 1497 a
595 1456 896 1497 delectacione
945 1455 1209 1497 inferiorum
1257 1455 1592 1496 delectabilium
1638 1461 1681 1494 et

153 1523 356 1576 appetitu
390 1524 572 1577 proprie
611 1523 893 1564 excellencie.
987 1522 1193 1564 Sciencia
1232 1523 1330 1564 sine
1368 1523 1550 1564 caritate
1588 1535 1679 1562 non

155 1590 333 1632 edificat
352 1591 410 1631 ad
431 1591 622 1632 salutem
645 1597 857 1638 eternam,
879 1590 957 1631 sed
982 1590 1107 1630 inflat
1126 1591 1184 1631 ad
1209 1591 1507 1631 miserrimam
1533 1589 1681 1643 perdi-

152 1658 348 1699 cionem.
431 1658 578 1698 Fortis
623 1658 762 1712 igitur
805 1658 862 1699 sit
902 1657 1084 1698 animus
1126 1665 1276 1698 noster
1318 1657 1363 1697 in
1407 1656 1681 1710 arripiendis

156 1724 390 1766 laboribus
410 1724 536 1766 duris
560 1738 641 1778 pro
662 1723 783 1764 Deo3
806 1741 814 1775 ;
857 1725 913 1766 sit
936 1725 1122 1778 sapiens
1144 1738 1304 1778 sapore
1327 1724 1565 1766 celescium
1589 1737 1679 1764 non

154 1792 370 1841 seculari;
417 1791 599 1832 anhelat
630 1799 782 1832 eterna
813 1792 1044 1845 sapiencia
1075 1792 1301 1843 illustrari,
1334 1800 1374 1832 et
1408 1791 1679 1832 inflammari

156 1859 263 1914 igne
308 1859 385 1899 illo
428 1859 648 1900 dulcifluo
690 1873 780 1914 quo
828 1860 1045 1900 excitatur
1094 1860 1198 1913 quis
1239 1859 1296 1900 ad
1342 1860 1591 1900 amandum
1639 1865 1681 1899 et

154 1926 506 1967 desiderandum
540 1927 689 1967 solum
723 1926 1018 1967 Conditorem
1047 1934 1088 1967 et
1125 1927 1358 1967 roboretur
1393 1926 1681 1968 uehementer

154 1993 212 2033 ad
249 2000 557 2046 contemptum
592 1993 797 2034 omnium
835 2007 981 2034 rerum
1018 1994 1391 2034 transitoriarum.
1456 1993 1558 2036 Hoc
1593 1992 1679 2034 sibi
1702 1995 1725 2028 f.
1747 1996 1790 2028 69

156 2060 201 2099 in
243 2060 307 2101 eis
350 2060 598 2101 maximum
641 2060 859 2101 solacium
900 2060 1126 2113 deputans
1183 2061 1305 2114 quod
1350 2074 1440 2100 non
1483 2066 1679 2106 manent,

154 2133 309 2180 utpote
331 2126 375 2166 in
400 2127 595 2180 presenti
621 2140 711 2167 non
740 2126 913 2167 habens
938 2128 1236 2178 mansionem,
1262 2128 1341 2169 sed
1367 2128 1564 2168 futuram
1590 2140 1680 2166 non

157 2195 462 2236 manufactam
505 2196 689 2249 requirit
730 2196 1004 2236 incessanter
1044 2202 1085 2235 et
1125 2196 1317 2236 clamat:
1366 2195 1486 2236 Mihi
1525 2195 1679 2236 uiuere

160 2261 369 2304 Christus
397 2268 461 2303 est
492 2268 532 2304 et
557 2263 672 2303 mori
701 2263 913 2303 lacmm.4
977 2262 1096 2303 Uere
1126 2262 1246 2302 enim
1276 2262 1349 2302 ille
1381 2262 1529 2303 Deum
1559 2268 1680 2302 amat

157 2330 234 2384 qui
271 2329 382 2370 nulli
411 2343 550 2382 praue
583 2329 875 2370 delectacioni
908 2329 1145 2369 consentit.
1209 2329 1361 2370 Tanto
1391 2342 1587 2383 namque
1622 2328 1678 2368 ab

155 2410 308 2437 amore
331 2395 502 2437 Christi
526 2396 663 2437 homo
683 2397 923 2450 elongatur
945 2402 1115 2450 quanto
1139 2396 1184 2435 in
1205 2395 1360 2450 aliqua
1382 2410 1425 2436 re
1447 2395 1678 2436 mundana

156 2477 204 2504 se
237 2463 439 2504 delectat.
503 2462 553 2504 Si
585 2477 694 2517 ergo
725 2463 873 2504 Deum
906 2476 1045 2510 amas,
1074 2476 1190 2516 opus
1223 2470 1351 2504 tuum
1381 2462 1465 2504 hoc
1494 2463 1678 2503 demon-

156 2538 278 2577 strat,
318 2530 424 2584 quia
456 2543 690 2584 nunquam
729 2530 946 2583 probatur
980 2529 1170 2583 diligere
1211 2529 1359 2570 Deum
1398 2530 1506 2570 dum
1548 2529 1679 2569 malis

228 2632 252 2661 1.
281 2630 390 2662 Shorb
402 2631 501 2662 texts
521 2629 671 2662 “sedet
688 2630 877 2672 pergunt-'³
944 2631 973 2660 2.
1002 2629 1110 2661 Short,
1126 2631 1225 2661 texts
1243 2629 1560 2661 “consolacione”

223 2674 250 2706 3.
278 2673 317 2713 (i)
344 2672 415 2705 and
443 2673 487 2714 (j)
515 2673 747 2705 uncorrected
764 2673 855 2704 have
872 2686 878 2704 :
907 2674 926 2689 “
938 2672 1042 2704 fortis
1061 2673 1101 2704 fit
1116 2672 1259 2704 animus
1276 2675 1397 2704 noster
1413 2672 1449 2704 in
1466 2671 1683 2714 accipiendis

156 2715 526 2758 laboribus—sapiens
543 2715 584 2748 fit
600 2726 724 2758 sapore
740 2715 865 2748 celesti
880 2726 950 2747 non
971 2715 1157 2747 seculari.”
1225 2717 1255 2747 4.
1282 2714 1377 2747 Phil.
1397 2717 1425 2754 l,
1444 2717 1493 2748 21.
