1881 2985
235 189 301 214 202
561 178 774 216 SACRED
811 179 927 213 AND
964 177 1219 214 PROFANE
1255 177 1472 213 BEAUTY

227 300 330 336 ante
350 294 516 347 faciem
540 295 666 336 Dei.l
730 294 820 336 Hic
843 302 909 335 est
929 293 1073 335 amori
1099 293 1341 347 perfectus,
1369 295 1478 349 [sed
1506 301 1657 336 utrum
1683 294 1766 336 iste

234 372 380 407 status
406 365 451 405 in
477 378 630 405 amore
652 364 791 405 semel
816 363 1000 404 habitus
1027 362 1280 417 aliquando
1307 371 1459 416 posset
1486 363 1646 410 amitti,
1672 375 1764 403 non

236 431 488 486 incongrue
550 432 676 486 queri
738 438 900 485 potest.
1009 429 1133 470 Dum
1199 436 1350 470 autem
1415 428 1556 472 homo
1616 434 1765 484 potest

235 512 435 552 peccare,
487 506 636 553 potest
682 505 724 538 et
773 498 1004 539 caritatem
1052 497 1270 538 amittere.
1349 496 1442 538 Sed
1491 510 1582 537 non
1631 508 1766 551 posse

128 574 151 608 f.
170 576 211 607 35
236 578 433 617 peccare,
508 578 599 605 non
672 572 738 605 est
813 564 858 604 in
931 570 1049 605 statu
1125 563 1197 604 uie
1269 564 1350 605 sed
1416 563 1583 616 patrie;
1655 575 1768 617 ergo

234 632 386 673 omnis
416 631 556 673 homo
585 639 1008 686 quantumcumque
1041 631 1269 685 perfectus
1317 638 1384 673 est
1432 632 1477 671 in
1526 631 1611 672 hac
1657 630 1765 677 uita,

233 698 385 740 adhuc
407 712 592 752 peccare
616 706 763 752 potest
783 699 925 739 eciam
948 699 1212 739 mortaliter.
1276 697 1398 753 Quia
1425 700 1569 740 fornes
1594 697 1766 754 peccati

235 765 365 806 nullo
401 766 574 807 uiatore
608 767 741 820 plene
775 766 1001 807 extinctus
1039 774 1121 817 est,
1163 767 1416 808 secundum
1457 768 1605 822 legem
1644 779 1766 808 com-

235 845 436 872 munem.
501 831 552 873 Si
579 840 730 873 autem
760 833 929 887 aliquis
956 833 1059 875 talis
1088 841 1205 874 esset
1234 834 1311 888 qui
1339 847 1420 875 nec
1445 834 1766 887 concupiscere

235 912 317 940 nec
352 900 560 952 temptari
597 907 766 954 posset,
800 900 1053 941 secundum
1098 900 1183 941 hoc
1232 900 1384 954 magis
1429 900 1673 954 pertineret
1720 905 1766 940 at

235 973 402 1006 statum
427 966 570 1020 patrie
594 980 731 1021 quam
754 967 839 1015 uie,
862 981 943 1008 nec
965 975 1082 1009 esset
1104 968 1143 1009 ei
1167 968 1361 1009 multum
1386 981 1478 1009 non
1502 968 1768 1022 delinquere

232 1046 337 1073 cum
371 1046 462 1074 non
495 1040 649 1087 posset
680 1047 881 1088 peccare.
949 1034 1053 1089 Ego
1083 1035 1268 1090 penitus
1298 1036 1464 1090 ignoro
1494 1035 1531 1076 si
1561 1034 1665 1076 talis
1695 1033 1766 1080 sit,

235 1100 400 1141 uiuens
423 1101 639 1155 usquam2
666 1101 711 1141 in
742 1115 901 1151 carne3
934 1102 1054 1156 quia,
1083 1102 1186 1156 (pro
1212 1116 1283 1143 me
1313 1102 1504 1156 loquar,)
1533 1116 1634 1143 caro
1663 1114 1766 1142 con-

229 1167 420 1220 cupiscit
448 1168 669 1209 aduersus
695 1166 907 1221 spiritum
933 1174 973 1210 et
999 1168 1187 1224 spiritus
1218 1169 1439 1210 aduersus
1469 1182 1649 1211 carnem
1660 1169 1695 1219 ;3
1725 1176 1768 1210 et

234 1237 521 1278 condelector
556 1237 646 1292 legi
690 1237 775 1278 Dei
817 1238 1070 1279 secundum
1107 1239 1366 1280 interiorem
1400 1239 1647 1287 hominem,
1687 1237 1767 1280 sed

235 1304 390 1345 nescio
429 1304 580 1346 adhuc
620 1312 711 1346 tam
752 1319 905 1346 amare
947 1306 1070 1360 quod
1111 1319 1301 1359 possum
1341 1307 1766 1360 concupiscenciam

235 1371 419 1426 penitus
447 1371 728 1426 extinguere.

296 1438 472 1480 Estimo
514 1446 665 1480 tamen
710 1440 833 1494 quod
876 1453 996 1481 unus
1037 1448 1103 1481 est
1145 1441 1317 1496 gradus
1359 1440 1544 1495 perfecti
1584 1439 1768 1487 amoris,

236 1518 371 1560 quem
395 1506 673 1560 quicumque
694 1506 911 1561 attigerit,
938 1507 1066 1548 illum
1090 1507 1306 1562 deinceps
1330 1521 1583 1562 numquam
1606 1506 1767 1562 perdit.

237 1572 380 1613 Aliud
402 1579 468 1614 est
491 1573 612 1614 enim
635 1587 770 1627 posse
789 1574 989 1627 perdere,
1009 1574 1134 1615 aliud
1156 1588 1336 1628 semper
1355 1582 1505 1615 tenere
1528 1575 1651 1629 quod
1675 1587 1767 1615 non

237 1640 335 1680 uult
365 1640 569 1681 amittere
599 1640 741 1681 eciam
773 1641 811 1681 si
842 1641 1002 1695 possit.
1091 1642 1338 1683 Abstinent
1367 1655 1475 1683 uero
1505 1656 1553 1683 se
1582 1640 1769 1697 perfecti

237 1714 460 1762 quantum
482 1707 526 1747 in
548 1721 595 1748 se
615 1716 681 1748 est
700 1709 758 1750 ab
779 1709 905 1749 omni
926 1722 970 1749 re
991 1722 1081 1763 qua
1099 1722 1255 1749 eorum
1275 1709 1502 1763 perfeccio
1520 1709 1592 1749 uel
1615 1715 1768 1763 posset

236 1775 407 1816 destrui
442 1775 515 1815 uel
547 1775 689 1816 eciam
723 1775 947 1829 impediri.
1010 1774 1129 1817 Cum
1164 1776 1369 1817 libertate
1401 1776 1576 1817 arbitrii
1609 1775 1771 1817 diuina

237 1843 390 1897 gracia
440 1850 547 1884 sunt
595 1843 764 1896 repleti,
815 1857 904 1898 qua
954 1843 1138 1884 assidue
1188 1844 1441 1884 excitantur
1487 1844 1546 1884 ad
1595 1844 1769 1885 bonum

235 1911 500 1960 amandum,
527 1911 822 1966 loquendum,
846 1919 888 1952 et
913 1911 1146 1966 agendum
1167 1926 1177 1951 ε
1212 1919 1254 1952 et
1276 1925 1302 1951 a
1329 1912 1451 1953 malo
1474 1912 1636 1960 cordis,
1663 1910 1768 1959 oris,

237 1985 280 2018 et
308 1978 460 2032 operis
492 1978 798 2019 retrahuntur.
862 1977 981 2019 Cum
1010 1992 1123 2033 ergo
1152 1978 1292 2020 homo
1319 1979 1378 2019 ad
1405 1978 1641 2020 Christum
1669 1991 1769 2032 per-

239 2045 353 2086 fecte
381 2058 645 2096 conuersus‚
678 2054 841 2087 cuncta
865 2045 1126 2087 transitoria
1147 2045 1418 2100 despexerit,
1450 2054 1492 2086 et
1521 2059 1568 2087 se
1596 2046 1642 2086 in
1671 2044 1772 2086 solo

239 2110 507 2153 Conditoris
538 2112 766 2154 desiderio
802 2113 1108 2161 immobiliter,
1146 2120 1194 2153 ut
1227 2112 1496 2154 mortalibus
1547 2126 1632 2167 pro
1674 2125 1770 2154 cor-

240 2180 458 2233 rupcione
493 2181 643 2221 carnis
686 2181 972 2234 permittitur,
1015 2180 1190 2221 fixerit:
1239 2188 1348 2222 tunc
1391 2180 1607 2222 nimirum
1649 2180 1772 2221 uires

238 2248 429 2288 uiriliter
459 2261 686 2296 exercens,
718 2248 869 2302 primo
902 2248 1032 2303 quasi
1063 2248 1241 2300 apert04
1263 2248 1361 2290 celo
1387 2260 1612 2301 supernos
1645 2246 1768 2287 ciues

237 2316 372 2356 oculo
394 2315 685 2356 intellectuali
707 2316 942 2369 conspicit,
966 2323 1007 2356 et
1027 2323 1184 2370 postea
1207 2315 1402 2356 calorem
1426 2314 1769 2362 suauissimum,

238 2383 369 2437 quasi
421 2383 576 2437 ignem
627 2383 860 2423 ardentem
913 2383 1064 2424 sentit.
1151 2382 1330 2424 Deinde
1380 2383 1494 2423 mira
1544 2380 1770 2423 suauitate

239 2450 472 2498 imbuitur,
505 2457 547 2490 et
580 2450 799 2504 deinceps
827 2451 872 2490 in
905 2463 1069 2491 canore
1100 2449 1245 2491 iubilo
1269 2450 1506 2505 gloriatur.
1572 2448 1673 2491 Hec
1703 2454 1771 2489 est

240 2530 353 2572 ergo
375 2517 573 2571 perfecta
600 2518 776 2566 caritas,
807 2531 946 2573 quam
974 2530 1107 2558 nemo
1139 2517 1267 2558 nouit
1297 2517 1385 2558 nisi
1415 2517 1492 2571 qui
1521 2515 1699 2569 accipit,
1729 2521 1771 2555 et

241 2585 319 2639 qui
341 2584 507 2638 accipit
530 2598 767 2639 nunquam
791 2585 971 2636 amittit,
998 2584 1189 2626 dulciter
1212 2585 1340 2633 uiuit,
1363 2597 1519 2626 secure
1541 2583 1769 2625 morietur.

297 2699 324 2728 1.
353 2697 483 2730 Psalm.
502 2700 554 2738 41,
582 2698 610 2728 3.
682 2698 710 2727 2.
742 2696 783 2738 (j)
813 2696 1055 2737 uncorrected,
1086 2696 1337 2738 “quisquamst
1386 2696 1436 2738 (k)
1466 2695 1687 2738 “unquam.''

298 2742 328 2774 3.
356 2742 431 2775 Gal.
470 2744 501 2782 5,
526 2742 574 2773 17.
649 2742 680 2773 4.
703 2740 761 2774 Cf.
783 2750 859 2782 cap.
886 2742 937 2782 15,
959 2750 991 2781 p.
1014 2742 1087 2774 189.
