1809 3036
115 418 141 454 f.
163 429 218 454 10.

113 589 139 625 f.
163 589 219 625 16.

115 1726 142 1761 f.
165 1727 220 1762 16.

115 1784 142 1819 s.
165 1794 219 1828 17.

117 1840 144 1875 f.
167 1851 222 1885 19.

120 2182 147 2217 f.
170 2183 252 2228 19b.

117 2353 146 2388 f.
166 2354 249 2390 22b.

121 2467 148 2502 f.
170 2477 226 2512 23.

122 2580 149 2615 f.
170 2580 253 2625 24b.

626 191 936 228 EMMANUEL
974 191 1059 225 MS.
1103 201 1146 235 35
1597 203 1638 237 13

353 305 661 341 Adolescentule
691 306 920 341 dilexerunt
950 308 986 341 te
1015 305 1151 341 nimis.
1203 305 1255 341 Et
1283 303 1378 350 quia
1404 308 1465 341 est
1491 317 1637 341 nomen

306 363 423 397 tuum
448 365 532 396 tam
557 362 685 404 dulce,
711 365 794 396 tam
819 371 958 404 suaue,
984 364 1067 396 tam
1094 361 1369 396 comiortabile
1398 389 1405 396 .
1436 389 1443 396 .

311 445 319 454 .
350 445 357 453 .
388 445 396 452 .
427 446 434 453 .
462 418 655 453 felicitate
671 418 876 462 clamabit,
897 418 1011 453 trahe
1029 429 1093 453 me
1112 422 1205 463 post
1222 421 1276 461 te,
1295 421 1370 453 etc.
1423 420 1638 456 Curremus

304 477 348 511 in
374 478 533 512 odorem
559 480 859 521 unguentorum
887 478 1060 510 tuorum.
1112 475 1214 512 Ecce
1239 475 1383 510 fratres
1408 475 1510 510 mira
1535 486 1641 511 ama-

305 532 404 567 toris
428 532 569 567 christi
594 532 792 567 instancia
816 532 912 567 dum
937 532 1043 567 trahi
1067 532 1247 577 postulat
1276 559 1283 566 .
1314 559 1322 566 .
1353 559 1360 566 .
1391 560 1399 567 .

311 616 319 623 .
350 615 357 623 .
388 616 396 623 .
427 615 434 622 .
462 589 559 624 dum
605 589 818 632 trahimur,
866 589 963 624 dum
1009 589 1194 623 canimus
1243 589 1393 624 amoris
1437 589 1640 625 canticum

305 656 512 681 curremus
543 646 586 680 in
611 646 773 680 odorem
799 647 1101 690 unguentorum
1132 647 1308 680 tuorum.
1363 646 1507 681 Omnis
1532 647 1642 681 accio

306 701 523 737 laudabilis
551 702 637 737 siue
664 702 990 748 reprehensibilis
1018 714 1069 737 ex
1096 702 1306 737 uoluntate
1332 703 1453 738 habet
1478 703 1639 739 laudem

306 759 395 794 siue
425 759 788 805 reprehensionem.
841 760 888 793 In
918 759 1130 794 uoluntate
1159 770 1334 805 namque
1362 763 1422 795 est
1454 760 1571 795 radix
1600 763 1640 795 et

306 815 537 862 principum
556 816 738 850 omnium
759 816 966 851 accionum
987 827 1063 861 que
1083 819 1180 851 sunt
1200 816 1243 851 in
1262 820 1398 852 nostra
1418 820 1618 862 potestate
1630 829 1639 860 ;

306 875 347 908 et
368 872 403 908 si
426 883 507 907 non
529 883 745 918 possumus
769 873 875 919 quod
898 873 1101 916 uolumus,
1127 873 1325 908 iudicatur
1362 877 1499 909 tamen
1521 886 1544 910 a
1566 874 1641 909 deo

306 930 588 975 unusquisque
633 930 682 964 de
728 930 890 976 propria
936 930 1160 965 uoluntate.
1228 930 1362 966 Nolite
1409 941 1505 976 ergo
1551 941 1640 966 con-

306 986 482 1022 siderare
505 990 665 1022 tantum
690 987 787 1033 quid
811 987 958 1030 facitis,
983 987 1053 1022 sed
1078 987 1175 1033 quid
1198 986 1349 1030 uelitis,
1375 998 1455 1022 non
1479 991 1640 1023 tantum

307 1054 385 1089 que
412 1047 508 1079 sunt
534 1054 654 1088 opera
682 1047 829 1087 uestra,
859 1047 1056 1089 quantum
1085 1055 1163 1090 que
1190 1044 1244 1079 sit
1271 1044 1462 1080 uoluntas
1490 1048 1638 1080 uestra.

309 1100 452 1137 Omnis
482 1100 589 1135 enim
620 1101 728 1136 accio
757 1112 836 1146 que
862 1101 907 1135 fit
937 1104 1042 1136 recta
1072 1104 1112 1136 et
1141 1101 1248 1136 iusta
1278 1101 1503 1145 uoluntate,
1535 1104 1640 1137 recta

307 1160 383 1200 est,
412 1160 452 1193 et
480 1169 557 1203 que
586 1158 631 1192 fit
660 1168 741 1192 non
770 1161 875 1192 recta
904 1158 1128 1201 uoluntate,
1159 1161 1264 1193 recta
1293 1169 1374 1193 non
1403 1162 1476 1194 est.
1528 1160 1640 1194 Iusta

306 1214 518 1249 uoluntate
540 1214 688 1249 dicitur
709 1215 830 1249 homo
851 1215 998 1257 iustus,
1023 1217 1062 1249 et
1086 1215 1238 1249 iniusta
1261 1215 1474 1250 uoluntate
1495 1215 1645 1250 dicitur

308 1270 428 1306 homo
461 1271 651 1306 iniustus.
704 1271 746 1306 Si
780 1283 876 1317 ergo
908 1272 1035 1307 uultis
1068 1272 1169 1307 bene
1202 1272 1353 1316 uiuere,
1388 1272 1641 1308 uoluntatem

309 1330 485 1363 uestram
517 1328 617 1363 bene
648 1328 859 1372 custodite,
892 1332 930 1364 et
961 1328 1236 1364 indesinenter
1265 1329 1308 1364 in
1338 1329 1500 1375 magnis
1528 1332 1568 1365 et
1597 1330 1641 1365 in

305 1385 486 1422 minimis
515 1385 558 1420 in
588 1385 652 1420 his
681 1397 758 1431 que
787 1388 920 1420 uestre
949 1386 1140 1431 potestati
1170 1386 1392 1429 subiacent,
1421 1390 1461 1421 et
1490 1387 1533 1421 in
1561 1387 1644 1422 hiis

309 1453 387 1488 que
413 1453 495 1477 non
520 1443 704 1488 potestis,
734 1453 784 1478 ne
811 1443 1067 1489 aliquatenus
1096 1455 1118 1478 a
1147 1443 1387 1479 rectitudine
1416 1444 1638 1480 declinetis.

309 1499 354 1535 Si
383 1502 517 1534 autem
547 1499 675 1534 uultis
705 1510 941 1545 cognoscere
972 1511 1023 1534 an
1052 1500 1243 1535 uoluntas
1273 1504 1407 1536 uestra
1437 1501 1491 1536 sit
1520 1504 1640 1544 recta,

309 1555 380 1591 illa
400 1567 472 1602 pro
491 1559 595 1591 certe
616 1560 677 1592 est
697 1560 802 1591 recta
823 1568 900 1602 que
920 1557 1100 1592 subiacet
1120 1557 1323 1592 uoluntati
1342 1558 1418 1593 dei.
1458 1560 1469 1604 (
1481 1580 1514 1592 =
1527 1559 1642 1603 Epis-

309 1614 387 1649 tola
420 1615 618 1656 Anselmi‚
650 1614 825 1657 cxxxiii,
858 1616 1085 1660 PatroLng'a
1118 1616 1278 1657 Latina,
1311 1614 1406 1657 clix,
1443 1615 1520 1659 167.
1571 1615 1646 1650 See

307 1681 346 1716 p.
375 1671 448 1716 58.)

307 1727 350 1763 Si
372 1727 463 1773 quis
484 1731 621 1762 sancte
641 1730 711 1762 aut
731 1728 836 1763 iuste
856 1728 985 1762 uiuat.
1041 1729 1360 1773 (zlncendium,
1383 1729 1548 1774 chapter
1570 1730 1641 1774 12.)

308 1795 401 1819 cum
427 1785 642 1819 infeliciter
666 1785 859 1819 florerem.
915 1786 1233 1830 (zlncendz'um‚
1261 1786 1426 1831 chapter
1455 1788 1525 1831 15.)

315 1868 322 1875 .
392 1869 399 1875 .
430 1868 438 1875 .
466 1852 546 1876 non
577 1842 627 1876 ad
658 1841 949 1877 detrahendum
980 1842 1218 1877 incitemini.

355 1899 419 1935 Ex
445 1909 594 1944 magno
618 1899 766 1933 amoris
793 1899 990 1934 incendio.

438 1982 445 1989 .
477 1983 484 1990 .
512 1955 777 1991 eternitaliter
814 1956 857 1990 in
895 1956 991 1991 celis
1030 1956 1267 2001 gaudebunt
1304 1967 1434 1992 amen.
1489 1958 1561 2002 (As
1601 1956 1644 1991 in

310 2012 499 2057 Cologne,
532 2013 632 2057 1536,
663 2012 690 2047 f.
721 2013 880 2058 cxliiii.)
935 2013 1116 2058 Explicit
1144 2014 1278 2048 oleum
1306 2013 1479 2048 effusum
1508 2023 1646 2048 secun-

311 2069 409 2104 dum
439 2069 645 2115 Hampoll.
701 2070 797 2113 (i.e.,
826 2070 896 2104 the
925 2071 1069 2106 Oleum
1098 2070 1133 2105 is
1162 2074 1254 2116 part
1281 2070 1322 2105 of
1350 2070 1500 2106 Rolle’s
1531 2072 1643 2106 Com-

312 2131 420 2161 ment
446 2138 495 2162 on
522 2129 586 2163 the
615 2128 829 2169 Canticles,
855 2137 921 2161 see
946 2138 984 2172 p.
1012 2127 1085 2172 60.)

311 2183 512 2228 Hampole
539 2194 661 2229 super
690 2184 797 2219 hunc
827 2184 1057 2229 psalmum:
1096 2184 1232 2220 Iudica
1262 2195 1327 2219 me
1356 2184 1468 2227 deus,
1499 2188 1589 2227 etc.,
1621 2195 1644 2219 a

312 2239 477 2275 domino
515 2240 584 2286 qui
624 2243 827 2275 scrutatur
865 2251 932 2275 cor
970 2244 1009 2276 et
1048 2251 1162 2276 renes
1190 2269 1197 2276 .
1229 2269 1236 2275 .
1267 2269 1274 2275 .
1306 2269 1313 2276 .
1345 2242 1487 2286 (These
1527 2241 1643 2275 folios

313 2296 416 2332 have
440 2297 591 2343 closely
615 2297 774 2333 written
800 2298 1000 2343 marginal
1026 2302 1153 2341 notes,
1181 2298 1224 2332 in
1250 2299 1454 2333 Newton‘s
1479 2297 1617 2343 hand.)

308 2381 316 2388 .
347 2381 354 2388 .
385 2381 392 2387 .
424 2382 430 2388 .
458 2354 622 2389 uidetur
663 2354 792 2389 uitam
836 2355 1140 2400 interrumpere.
1193 2355 1374 2399 Explicit
1418 2354 1648 2388 fructuosus

312 2413 508 2447 tractatus
533 2411 693 2446 Ricardi
720 2411 920 2457 Hampole
944 2411 1149 2447 heremite.

316 2467 516 2513 Hampole
558 2468 608 2503 de
651 2468 783 2503 actiua
827 2468 913 2503 uita
956 2471 996 2503 et
1039 2468 1381 2514 contemplatiua:
1433 2467 1644 2502 Mulierem

314 2523 456 2559 fortem
487 2525 578 2570 quis
611 2525 812 2560 iuueniret
840 2552 847 2559 .
917 2552 924 2558 .
956 2552 962 2559 .

311 2592 336 2616 a
361 2584 467 2616 recta
492 2581 561 2617 uia
586 2582 780 2617 uariatur.

362 2638 552 2683 Hampol.
604 2640 663 2673 De
693 2649 813 2674 causa
842 2638 1107 2673 hereticorum
1139 2640 1180 2673 et
1210 2638 1288 2673 fide
1317 2636 1526 2672 trinitatis.
1581 2637 1644 2681 (In

312 2694 497 2730 different
521 2695 630 2730 hand
650 2707 657 2729 :
689 2697 770 2738 i.e.,
797 2695 963 2740 chapter
985 2695 1007 2729 6
1031 2695 1072 2729 of
1097 2695 1346 2731 Incendium.
1397 2694 1490 2728 Part
1514 2692 1555 2727 of
1578 2692 1648 2727 the

314 2751 412 2797 long
429 2754 517 2787 text
535 2752 576 2786 of
593 2752 662 2787 the
680 2753 916 2787 Incendium
936 2751 1104 2794 follows,
1125 2751 1189 2786 till
1209 2751 1236 2786 f.
1251 2751 1320 2795 58b
1328 2777 1461 2785 .....
1484 2749 1646 2784 “labore
