1809 3036
430 229 917 268 CONTEMPLATIVES
944 232 1058 266 AND
1082 232 1357 269 MIRACLES
1595 242 1659 277 153

807 400 917 442 CAP.
951 414 993 453 3.

138 511 294 566 (Quod
314 512 503 567 quilibet
523 514 689 557 electus
708 493 874 556 statum
893 528 1026 557 suum
1044 529 1071 556 a
1093 515 1194 556 Deo
1212 515 1472 556 ordinatum
1493 515 1658 567 habet.)

194 624 551 680 Contemplatiui
583 628 666 669 uiri
696 628 773 683 qui
802 627 1068 669 excellenter
1098 635 1292 670 uruntur
1318 642 1472 669 amore
1501 627 1661 669 eterni-

136 693 251 740 tatis,
283 694 668 748 quemadmodum
700 695 883 750 quidem
912 695 1170 749 superiores
1197 695 1396 736 existunt
1427 695 1472 735 in
1501 694 1661 735 ardore

134 760 430 801 amenissimo
451 768 492 802 et
516 762 781 816 preamabili
805 762 976 803 amoris
994 762 1147 810 eterni,
1171 762 1231 802 ita
1254 769 1301 804 ut
1326 775 1561 817 nunquam
1583 768 1662 803 aut

137 827 363 868 rarissime
396 835 560 869 exeunt
594 828 638 868 in
674 829 871 870 externis
901 829 1176 879 ministeriis,
1210 842 1356 883 neque
1389 828 1661 883 dignitatem

135 894 408 947 prelacionis
450 902 491 935 et
536 895 723 937 honoris
765 896 1010 949 accipiunt.
1098 895 1223 951 Quin
1269 896 1410 937 immo
1454 897 1571 937 intra
1614 909 1663 937 se

134 960 310 1014 seipsos
340 962 594 1010 retinentes,
622 962 807 1004 Christo
833 977 933 1005 cum
959 963 1108 1005 laudis
1140 963 1281 1005 iubilo
1308 977 1471 1005 canore
1512 970 1661 1004 mente

134 1041 313 1081 semper
345 1029 613 1070 ascendunt.
678 1029 888 1071 Enitatur
918 1030 1038 1071 enim
1073 1030 1118 1070 in
1153 1030 1238 1073 hoc
1270 1031 1457 1072 ecclesia
1487 1030 1661 1085 angeli—

134 1107 232 1135 cam
272 1095 550 1143 ierarchiam,
592 1097 636 1136 in
676 1110 766 1151 qua
800 1097 986 1150 superni
1023 1097 1178 1152 angeli
1216 1098 1274 1139 ad
1313 1098 1533 1139 exteriora
1569 1111 1660 1139 non

136 1162 388 1210 mittuntur,
418 1163 518 1204 Deo
546 1164 710 1218 iugiter
731 1164 1011 1206 assistentes.
1074 1165 1151 1207 Sic
1174 1167 1342 1207 summi
1369 1166 1413 1206 in
1439 1180 1593 1207 amore
1620 1172 1662 1207 et

134 1229 524 1282 contemplacione
555 1230 725 1272 Christi
773 1232 882 1273 solis
912 1232 1084 1274 diuinis
1112 1233 1373 1286 aspectibus
1407 1234 1661 1282 intendunt,

134 1302 176 1336 et
198 1297 504 1350 principatum
532 1298 646 1339 inter
673 1298 881 1340 homines
908 1313 998 1339 non
1021 1307 1276 1349 assumunt,
1301 1300 1381 1341 sed
1410 1307 1663 1342 reseruatur

134 1362 248 1411 aliis,
296 1364 372 1418 qui
419 1365 567 1419 magis
609 1372 770 1406 cuncta
811 1365 1012 1407 humana
1052 1374 1332 1421 occupantur
1372 1367 1575 1422 negocia,
1620 1374 1662 1408 et

135 1431 287 1472 minus
313 1432 503 1474 internis
530 1432 705 1474 deliciis
729 1433 1039 1487 perfruuntur.

193 1495 345 1539 Habet
383 1498 523 1553 igitur
558 1499 725 1540 electus
762 1500 956 1555 quisque
991 1507 1158 1542 statum
1191 1515 1325 1543 suum
1362 1515 1389 1542 a
1427 1501 1528 1543 Deo
1563 1514 1662 1556 pre-

134 1565 431 1607 ordinatum.1
508 1566 631 1608 Dum
671 1567 753 1608 iste
794 1567 852 1608 ad
888 1567 1192 1621 prelacionem
1229 1568 1425 1623 eligitur,
1466 1569 1539 1610 ille
1575 1568 1660 1610 soli

136 1631 236 1673 Deo
260 1646 419 1674 uacare
445 1640 657 1684 conatur3
696 1641 737 1674 et
760 1635 818 1675 ad
845 1634 930 1677 hoc
956 1635 1106 1689 ipsum
1135 1635 1264 1677 Deus
1289 1636 1480 1677 interius
1502 1636 1661 1683 eleuat,

134 1706 181 1741 ut
201 1713 360 1742 omnes
385 1701 625 1742 exteriores
649 1702 978 1755 occupaciones
1002 1703 1312 1756 pretermittat.
1373 1702 1510 1744 Tales
1535 1702 1662 1743 deni-

134 1780 220 1821 que
267 1768 542 1809 sanctissimi
588 1775 707 1817 sunt‚
753 1776 795 1809 et
839 1776 989 1810 tamen
1040 1770 1097 1811 ab
1146 1769 1410 1811 hominibus
1463 1770 1663 1810 minores

133 1834 412 1882 estimantur,
449 1836 526 1889 qui
562 1835 706 1877 rarius
736 1836 977 1891 egrediunt
1010 1837 1068 1877 ad
1102 1836 1320 1879 miracula
1352 1837 1573 1886 facienda,
1607 1850 1663 1877 eo

133 1901 255 1955 quod
284 1902 574 1944 solummodo
604 1903 893 1945 interioribus
923 1911 1123 1945 manent.

190 1968 311 2009 Aliis
338 1982 446 2010 uero
477 1970 554 2024 qui
584 1977 698 2011 recte
728 1984 776 2012 se
801 1971 962 2012 diuino
987 1971 1182 2013 seruicio
1206 1972 1451 2021 subiciunt,
1480 1979 1522 2013 et
1553 1970 1660 2013 sub-

133 2034 252 2076 ditos
287 2035 476 2077 discrete
512 2044 687 2091 regunt,
725 2038 883 2079 ceteris
915 2038 1056 2078 eciam
1093 2039 1171 2093 qui
1208 2052 1359 2080 coram
1396 2036 1661 2079 hominibus

135 2102 338 2144 inaudita
365 2103 520 2153 §carnis
552 2103 803 2145 affliccione
840 2105 1015 2152 uiuunt,
1050 2105 1352 2160 plerumque2
1388 2105 1460 2147 uel
1492 2105 1536 2146 in
1568 2105 1660 2148 uita
1683 2112 1705 2146 f.
1723 2112 1765 2147 67

135 2169 204 2210 uel
251 2176 355 2223 post
395 2178 583 2219 mortem
630 2171 766 2226 signa
807 2172 1110 2214 ostenduntur
1155 2186 1382 2220 concessa,
1426 2171 1661 2227 quamuisa

133 2236 273 2277 eciam
303 2236 348 2276 in
378 2238 646 2292 purgatorio
671 2239 830 2280 acerbe
857 2252 936 2293 per
964 2239 1151 2294 aliquod
1178 2246 1361 2293 tempus
1386 2240 1656 2282 crucientur.

135 2302 239 2344 Non
262 2304 382 2344 enim
404 2317 564 2347 omnes
588 2306 731 2346 sancti
756 2306 928 2347 faciunt
956 2306 1026 2348 uel
1051 2306 1253 2348 fecerunt
1279 2307 1496 2348 miracula
1517 2306 1658 2347 eciam

134 2383 217 2412 nec
249 2370 294 2410 in
324 2371 416 2412 uita
449 2384 528 2413 nec
554 2380 657 2426 post
690 2380 893 2420 mortem,
928 2386 1073 2427 neque
1104 2386 1265 2414 omnes
1298 2373 1477 2427 reprobi
1508 2372 1579 2415 uel
1612 2372 1658 2412 in

134 2437 226 2478 uita
277 2437 348 2478 uel
397 2445 500 2492 post
550 2446 738 2480 mortem
788 2439 1019 2480 miraculis
1068 2446 1321 2482 caruerunt.
1415 2439 1657 2482 Occultum

135 2503 306 2558 quippe
335 2511 401 2545 est
432 2505 649 2547 iudicium
687 2506 786 2554 Dei,
823 2514 869 2548 ut
905 2506 1012 2546 mali
1048 2506 1160 2549 uisis
1193 2507 1341 2561 signis
1371 2514 1657 2560 peccatorum

132 2570 309 2625 peiores
338 2570 462 2622 fiant,
503 2578 544 2612 et
575 2573 700 2623 boni,
738 2573 1014 2626 contemptis
1049 2573 1122 2615 his
1158 2587 1245 2628 que
1281 2574 1417 2615 bonis
1449 2581 1491 2613 et
1525 2572 1660 2613 malis

132 2639 432 2681 communiter
488 2640 642 2681 haberi
697 2648 903 2695 possunt,
962 2641 1006 2681 in
1059 2655 1214 2682 amore
1270 2641 1533 2683 Conditoris
1585 2639 1657 2680 sui

131 2706 331 2759 amplius
363 2706 660 2752 inardescant,

192 2784 219 2815 1.
249 2782 301 2825 (f)
321 2785 344 2799 “
357 2782 600 2815 ordinatum.⁷’
645 2785 676 2817 2,
702 2783 812 2817 Short
827 2786 927 2817 texts
946 2786 969 2801 “
981 2783 1280 2827 plurimumque.’'
