1881 2985
245 193 312 227 270
509 184 621 222 THE
650 186 1015 223 EXCELLENCE
1046 185 1114 221 OF
1144 187 1340 224 DIVINE
1370 187 1515 225 LOVE

307 299 433 342 Nonl
465 301 539 343 aio
570 302 727 343 fletum
757 316 855 344 esse
891 303 1110 351 inutilem,
1147 317 1228 346 nec
1259 305 1460 346 dolorem
1490 307 1640 349 cordis
1674 307 1779 349 dico

248 369 546 420 indecentem,
573 378 650 411 aut
675 384 765 411 non
791 370 1079 424 diligendum
1107 371 1151 411 in
1177 371 1264 413 hoc
1286 372 1446 423 exili03
1473 374 1553 414 sed
1575 374 1776 415 admiror

245 435 445 489 aliquem
467 437 513 476 in
537 444 713 477 tantum
735 444 913 490 raptum
936 437 1108 478 amoris
1132 437 1287 487 iubilo,
1309 439 1432 493 quod
1456 439 1501 479 in
1525 440 1776 483 deuocione

247 516 331 544 sua
351 505 423 544 uel
446 504 620 545 orando
645 504 717 545 uel
742 504 1007 545 meditando
1030 504 1136 545 flere
1154 518 1244 545 non
1270 505 1429 559 possit,
1458 507 1598 547 immo
1622 507 1777 548 uerius

245 569 521 610 annunciem
559 577 600 610 et
650 570 797 611 dicam
850 571 1121 622 oracionem,
1173 572 1615 627 meditacionemque
1662 572 1775 614 tanti

246 635 463 675 amatoris
488 636 531 675 in
562 636 788 676 canticum
818 649 1103 687 conuersam,
1128 644 1265 692 atque
1295 638 1339 678 in
1366 638 1509 680 melos
1537 639 1776 680 suauitatis

245 701 381 742 celice
415 702 752 757 liquescentem,
788 710 836 743 ut
872 704 1032 757 pocius
1065 704 1327 759 angelicum
1361 718 1527 746 sonum
1562 712 1776 760 personat

247 783 383 824 quam
413 770 682 821 humanum,
721 771 766 811 in
799 785 892 825 quo
920 785 1024 813 cum
1058 771 1236 813 feruore
1267 772 1488 814 mellifluo
1519 772 1766 814 delinitus:

247 848 337 875 non
366 836 423 876 ad
455 837 721 891 lugendum,
752 838 831 879 sed
861 838 919 879 ad
951 838 1238 880 iubilandum
1261 840 1534 891 assumitur;
1567 849 1615 882 ut
1644 841 1775 896 quasi

243 904 484 945 abstractis
529 904 740 956 lacrimis,
767 905 838 978 (in
887 906 989 959 ipso
1029 907 1153 948 fonte
1199 908 1293 948 ueri
1345 916 1387 949 et
1432 910 1572 950 eterni
1616 909 1775 964 gaudii

111 974 135 1008 f.
157 976 221 1009 5812
246 971 411 1025 iugiter
440 972 721 1013 iocundetur.
768 972 999 1028 &Cumque
1030 974 1238 1016 doctores
1269 975 1410 1016 nostri
1441 983 1646 1016 asserant
1676 988 1776 1030 per-

246 1038 387 1079 fectos
415 1039 578 1079 debere
626 1038 863 1089 lacrimari,
912 1048 953 1080 et
994 1054 1085 1094 quo
1131 1041 1430 1094 perfecciores
1471 1048 1592 1093 sunt,
1628 1054 1683 1082 eo
1730 1041 1774 1081 in

245 1105 425 1147 fletibus
448 1114 555 1147 sunt
581 1107 824 1155 uberiores,
850 1115 941 1148 tam
967 1122 1051 1162 pro
1076 1108 1273 1150 miseriis
1297 1109 1370 1150 uie
1394 1123 1531 1164 quam
1557 1123 1641 1163 pro
1661 1108 1775 1150 dila-

239 1173 369 1213 cione
389 1149 571 1229 patrie.)
610 1173 727 1214 Mihi
749 1175 932 1229 quidem
954 1175 1117 1229 langor
1136 1176 1358 1217 mirabilis
1380 1177 1424 1217 in
1444 1176 1605 1218 diuino
1622 1189 1775 1218 amore

242 1239 411 1290 affluit3
442 1248 482 1280 et
533 1242 832 1295 compunccio
882 1242 1070 1283 fletuum
1114 1244 1421 1297 corporalium
1467 1258 1552 1298 pro
1600 1245 1774 1285 interne

243 1309 482 1350 suauitatis
553 1310 874 1364 magnitudine
946 1312 1157 1352 cessauit.
1247 1311 1339 1367 Qui
1412 1320 1563 1353 autern
1621 1320 1774 1354 eterna

244 1376 491 1418 dileccione
514 1391 605 1418 non
627 1379 844 1429 exuritur,
872 1393 1052 1421 necesse
1071 1387 1138 1421 est
1161 1381 1283 1434 quod
1307 1381 1505 1422 lacrimis
1526 1387 1772 1435 purgetur3

240 1444 319 1484 sed
357 1445 433 1498 qui
462 1458 616 1486 amore
651 1446 900 1488 eternitatis
929 1447 1131 1501 languet,
1169 1447 1335 1489 sufficit
1369 1448 1407 1488 ei
1439 1461 1567 1488 amor
1599 1449 1657 1489 ad
1691 1455 1774 1488 tor-

244 1512 503 1566 quendum;
536 1526 625 1553 non
654 1513 775 1553 enim
803 1521 868 1554 est
895 1514 1067 1556 uulnus
1093 1514 1282 1569 grauius
1312 1528 1392 1555 nec
1420 1513 1610 1556 suauius
1635 1526 1773 1569 quam

241 1577 425 1619 amoris.
524 1577 710 1633 Quippe
744 1579 825 1620 etsi
860 1579 962 1621 talis
1013 1580 1230 1621 niteretur
1277 1580 1501 1621 lacrimari
1546 1594 1637 1622 non
1673 1593 1773 1634 per-

245 1645 447 1693 mittitur,
510 1647 706 1687 maxime
754 1647 798 1686 in
851 1654 1020 1688 secreta
1072 1647 1337 1698 deuocione‚
1389 1661 1442 1688 eo
1490 1648 1613 1702 quod
1665 1655 1774 1688 tunc

244 1712 513 1754 subleuante
548 1713 722 1768 Spiritu
760 1714 942 1761 Sancto,
976 1728 1108 1755 mens
1139 1728 1320 1756 sursum
1355 1715 1558 1769 erigitur,
1593 1723 1635 1756 et
1667 1728 1771 1757 cum

243 1779 485 1820 dulcedine
511 1780 751 1822 suauitatis
799 1781 1020 1835 angelice,
1074 1781 1231 1823 laudes
1278 1788 1319 1822 et
1367 1795 1601 1823 amorosas
1649 1782 1773 1837 cogi-

243 1847 444 1888 taciones
473 1861 581 1890 suas
608 1847 708 1889 Deo
735 1848 1012 1889 modulatur.
1067 1848 1246 1900 [Sedes
1275 1849 1501 1903 siquidem
1531 1850 1702 1892 amoris
1727 1849 1772 1890 in

243 1915 385 1956 altum
415 1915 632 1970 quoniam
665 1929 811 1970 usque
843 1916 887 1956 in
918 1915 1106 1957 celescia
1137 1917 1346 1965 cucurrit,
1377 1924 1418 1958 et
1449 1916 1561 1957 mihi
1593 1917 1773 1958 uidetur

245 1979 368 2034 quod
396 1980 537 2021 eciam
566 1981 610 2021 in
638 1988 754 2022 terra
781 1982 961 2023 subtilis
988 1990 1029 2023 et
1050 1982 1322 2024 artificiosus
1346 1991 1426 2034 est,
1458 1983 1535 2038 qui
1564 1983 1774 2025 homines

244 2047 353 2088 olim
391 2048 624 2095 amabiles,
662 2048 817 2090 fuscos
858 2048 964 2090 facit
1006 2057 1048 2090 et
1090 2049 1300 2103 pallidos,
1343 2063 1458 2105 quos
1500 2063 1774 2091 marcescere

247 2112 371 2166 cogit
409 2120 457 2153 ut
496 2113 735 2165 uirescant,
776 2114 980 2165 deficere,
1017 2125 1063 2156 ut
1086 2116 1225 2157 fortes
1259 2117 1367 2157 sint.
1467 2117 1604 2159 Unde
1636 2124 1678 2159 et
1712 2117 1770 2158 ad

246 2179 443 2234 quietern
496 2188 646 2222 eterne
700 2182 845 2236 glorie
896 2183 1088 2236 propius
1139 2184 1327 2234 accedit,
1370 2191 1412 2224 et
1466 2183 1690 2238 intrepide
1726 2197 1774 2225 se

247 2246 469 2288 immiscet
500 2248 770 2290 canentibus
804 2249 1059 2291 Conditori.
1125 2249 1246 2304 Quia
1280 2264 1371 2306 quo
1401 2251 1505 2306 quis
1533 2250 1776 2292 ardencius

243 2320 378 2361 amat,
398 2327 448 2354 eo
492 2314 682 2356 suauius
706 2322 869 2366 cantat,
896 2324 938 2357 et
960 2316 1096 2357 sentit
1117 2316 1297 2359 dulcius
1320 2318 1443 2372 quod
1466 2317 1636 2360 sorcius
1656 2318 1773 2359 desi-

247 2380 447 2429 derauit3
484 2394 588 2421 nam
638 2382 721 2422 etsi
771 2395 860 2422 non
908 2382 1170 2424 amantibus
1220 2383 1295 2424 uia
1342 2397 1503 2437 aspera
1548 2390 1590 2424 et
1635 2384 1774 2437 longa

248 2447 468 2495 uideatur,
495 2461 624 2489 amor
646 2456 844 2489 attamen
873 2449 1023 2490 Deum
1048 2457 1090 2490 et
1115 2449 1347 2491 hominem
1373 2451 1557 2504 copulat
1583 2458 1624 2492 et
1646 2449 1772 2491 breui

248 2514 401 2555 labore
426 2513 532 2556 facit
555 2514 898 2568 sustinentes.2]

308 2614 335 2643 1.
363 2612 440 2644 The
467 2622 646 2654 composer
669 2613 706 2644 of
734 2613 796 2644 the
824 2613 922 2646 short
951 2617 1031 2646 text
1061 2625 1170 2646 seems
1199 2617 1237 2647 ‘co
1261 2614 1351 2646 have
1378 2615 1500 2656 copied
1531 2614 1603 2647 this
1631 2624 1776 2656 passage

242 2655 389 2688 because
414 2655 542 2688 Rolle's
565 2656 674 2689 views
701 2667 744 2689 on
767 2656 828 2688 the
854 2657 957 2689 value
984 2658 1022 2689 of
1047 2657 1157 2689 mirth
1185 2658 1253 2690 and
1282 2658 1446 2700 laughter
1473 2658 1590 2691 would
1617 2658 1729 2691 strike
1757 2669 1777 2690 a

240 2698 425 2730 mediaeval
448 2699 614 2740 religious
637 2709 676 2731 as
700 2699 858 2733 unusual.

310 2743 340 2774 2.
360 2742 394 2774 N
399 2745 513 2774 ewton
533 2743 624 2775 adds
646 2743 683 2774 in
707 2743 868 2784 margin:
898 2744 916 2757 “
932 2743 1086 2785 Require
1109 2744 1222 2776 altera.
1248 2744 1316 2777 duo
1341 2744 1498 2786 capitula
1523 2744 1642 2777 alibi.’'
