1881 2985
218 199 284 233 190
456 189 680 227 ROLLE’S
711 189 1061 226 CONVERSION
1089 189 1204 222 AND
1234 188 1512 226 PROGRESS

214 307 351 348 edidi.
418 306 648 361 Deinceps
683 320 828 360 usque
857 306 915 347 ad
951 305 1209 346 canendum
1246 319 1333 360 que
1368 306 1496 359 prius
1529 307 1747 355 dixeram,

213 387 293 428 pre
333 372 574 415 affluencia
607 373 849 416 suauitatis
889 374 1062 413 interne
1094 372 1298 426 prorupi,
1333 373 1507 415 occulte
1548 373 1747 427 quidem,

215 440 323 495 quia
361 441 682 482 tantummodo
719 454 870 482 coram
910 440 1159 482 Conditore
1195 453 1313 481 meo.
1391 439 1497 481 Non
1536 440 1750 495 cognitus

215 522 337 550 eram
367 509 425 550 ab
458 508 547 550 hiis
580 509 658 563 qui
692 522 762 549 me
795 508 1052 555 cernebant,
1088 521 1143 548 ne
1173 507 1211 548 si
1240 507 1482 549 sciuissent
1511 521 1583 548 me
1611 519 1751 559 supra

216 576 404 617 modurn
433 575 746 623 honorassent,
781 583 822 616 et
851 575 916 616 sic
951 574 1252 628 perdidissem
1286 581 1460 628 partem
1492 574 1618 616 floris
1650 573 1752 628 pul-

90 653 196 688 {1821
217 644 448 692 cherrime‚
483 651 525 685 et
558 644 829 685 decidissem
862 644 907 683 in
942 643 1296 684 desolacionem.
1376 642 1552 684 Interea
1586 643 1749 684 mirum

217 725 288 752 me
314 711 519 764 arripuit,
551 724 605 752 eo
635 711 758 765 quod
788 717 1054 763 assumptus
1083 723 1229 751 essem
1260 710 1319 751 ad
1345 718 1517 751 tantam
1548 710 1752 752 iocundi-

216 786 367 830 tatem,
390 779 500 819 dum
524 778 628 819 exul
652 791 811 826 essem,
833 785 875 818 et
898 777 1005 832 quia
1023 777 1207 818 dederat
1230 777 1342 818 mihi
1371 778 1498 820 Deus
1519 778 1640 819 dona
1665 791 1753 832 que

214 854 365 901 petere
384 846 572 897 nesciui,
599 859 679 886 nec
701 846 861 899 putaui
883 845 970 885 tale
992 844 1103 899 quid
1127 858 1209 886 nec
1227 845 1370 885 eciam
1393 844 1750 890 sanctissimum,

218 915 263 954 in
296 914 382 956 hac
418 914 512 954 uita
543 914 784 967 accepisse.
864 913 1064 954 Proinde
1099 914 1294 955 arbitror
1330 913 1416 954 hoc
1446 912 1559 954 nulli
1595 913 1750 954 datum

217 981 401 1029 meritis,
442 981 522 1022 sed
565 981 710 1036 gratis
754 981 827 1022 cui
870 981 1063 1022 uoluerit
1126 980 1354 1022 Christus.
1434 980 1555 1021 Puto
1600 989 1751 1021 tamen

217 1049 446 1089 neminem
475 1048 587 1089 illud
614 1050 939 1101 accepturum,1
974 1050 1061 1092 nisi
1090 1049 1347 1103 specialiter
1373 1061 1537 1089 nomen
1568 1046 1752 1088 Ihesum

217 1117 394 1171 diligat,
433 1124 475 1156 et
506 1117 648 1157 eciam
688 1117 734 1156 in
775 1124 952 1157 tantum
988 1116 1180 1158 honoret
1220 1124 1268 1157 ut
1301 1117 1358 1157 ab
1398 1116 1497 1157 eius
1535 1114 1754 1156 memoria

219 1196 484 1238 numquam,
520 1191 710 1237 excepto
745 1197 955 1238 sompno,
996 1183 1199 1225 recedere
1232 1184 1479 1237 permittat.
1541 1182 1629 1224 Cui
1669 1182 1756 1223 hoc

219 1251 364 1292 facere
391 1250 578 1292 datum2
606 1260 683 1300 est,
713 1252 875 1293 estimo
904 1251 1027 1306 quod
1057 1258 1099 1292 et
1129 1251 1241 1292 illud
1269 1256 1551 1304 assequetur.
1618 1247 1756 1289 Unde
1787 1292 1791 1296 ,

217 1320 275 1360 ab
300 1319 438 1360 inicio
464 1319 623 1360 mutati
647 1319 789 1359 animi
817 1332 962 1373 usque
987 1319 1045 1359 ad
1066 1331 1332 1371 supremum
1357 1316 1546 1358 amoris3
1582 1315 1755 1358 Christi

220 1387 430 1441 gradum,
463 1400 598 1441 quem
635 1399 724 1440 ego
756 1386 981 1440 attingere
1016 1386 1116 1427 Deo
1149 1386 1286 1426 dante
1322 1384 1546 1433 ualebam,
1583 1384 1628 1424 in
1665 1396 1758 1438 quo

219 1453 365 1508 gradu
420 1466 523 1495 cum
572 1467 739 1495 canoro
790 1454 933 1494 iubilo
984 1454 1170 1494 diuinas
1220 1452 1378 1493 laudes
1423 1464 1747 1506 personarem:

221 1528 435 1575 quattuor
454 1534 603 1563 annos
623 1528 665 1561 et
685 1521 801 1562 circa
823 1528 913 1562 tres
933 1534 1110 1562 menses
1132 1520 1287 1561 habui.
1353 1519 1444 1562 Hic
1467 1532 1631 1573 nempe
1652 1530 1755 1559 curn

222 1588 453 1641 prioribus
477 1588 535 1629 ad
565 1588 716 1641 ipsum
748 1588 1034 1642 dispositiuis
1065 1595 1210 1629 status
1239 1594 1474 1642 permanet
1493 1588 1509 1611 4
1533 1600 1678 1641 usque
1709 1585 1752 1625 in

222 1656 374 1696 finem.
441 1655 617 1696 Uerum
643 1656 785 1696 eciam
811 1663 913 1709 post
937 1663 1127 1696 mortem
1155 1655 1236 1696 erit
1263 1654 1523 1709 perfeccior,
1551 1653 1658 1709 quia
1684 1654 1756 1693 hic

221 1723 444 1777 gaudium
489 1724 671 1770 amoris,
724 1723 1046 1764 incendiumue
1093 1723 1290 1765 caritatis
1342 1723 1569 1776 incipitur,
1619 1729 1660 1763 et
1711 1721 1755 1761 in

219 1790 371 1832 celesti
418 1804 562 1845 regno
605 1791 985 1846 gloriosissimam
1030 1791 1221 1843 accipiet
1266 1790 1761 1831 consummacionem-‘³

225 1858 281 1898 Et
319 1858 503 1913 quidem
542 1859 587 1898 in
625 1858 709 1899 hac
744 1859 835 1898 uita
873 1859 918 1898 in
957 1858 1045 1900 hiis
1082 1858 1304 1913 gradibus
1339 1858 1625 1906 constitutus,
1664 1871 1755 1899 non

224 1925 454 1966 modicum
484 1925 662 1980 proficit
691 1926 770 1966 sed
799 1926 842 1965 in
872 1925 1012 1966 alium
1042 1933 1209 1966 statum
1241 1939 1331 1966 non
1367 1926 1583 1974 ascendit,
1618 1926 1759 1966 immo

223 1993 355 2046 quasi
399 1993 443 2032 in
488 1993 642 2047 gracia
685 1992 980 2034 confirmatus
1023 2001 1069 2033 ut
1114 1992 1317 2034 mortalis
1360 2000 1509 2047 potest
1553 1993 1756 2047 quiescit.

227 2058 364 2100 Unde
395 2059 575 2114 gracias
609 2060 720 2108 Deo,
754 2060 913 2102 laudes
943 2061 982 2101 ei
1016 2061 1292 2102 incessanter
1317 2061 1526 2102 desidero
1558 2061 1749 2102 referre:

226 2124 317 2179 Qui
350 2134 391 2166 et
424 2126 469 2166 in
498 2127 736 2180 angusciis
770 2128 1087 2182 molesciisque
1117 2141 1170 2169 ac
1206 2128 1608 2182 persecucionibus
1645 2128 1758 2169 meis

224 2194 381 2235 tribuit
409 2194 643 2243 solacium,
672 2203 713 2235 et
743 2195 857 2235 inter
884 2196 1207 2249 prosperitates
1234 2209 1286 2237 ac
1312 2197 1626 2238 blandimenta
1655 2209 1758 2237 cum

224 2261 463 2301 securitate
496 2275 565 2302 me
600 2262 705 2303 facit
739 2270 939 2304 eternam
973 2271 1208 2316 expectare
1239 2278 1470 2306 coronam.

284 2326 409 2369 Hinc
443 2327 538 2376 tibi,
572 2328 721 2377 Ihesu,
757 2330 972 2381 iubilans‚
1010 2330 1167 2372 laudes
1196 2331 1326 2372 soluo
1362 2332 1540 2387 iugiter,
1575 2332 1652 2387 qui
1688 2345 1759 2372 me

227 2393 467 2451 minimum
515 2402 557 2435 et
607 2396 822 2436 miserum
873 2397 1092 2451 dignatus
1143 2411 1190 2439 es
1240 2398 1478 2439 inmiscere
1529 2398 1762 2439 mellifluis

227 2460 461 2509 ministris,
512 2462 589 2516 qui
642 2463 854 2504 modulos
906 2464 1099 2504 melodie
1150 2478 1203 2505 ex
1253 2466 1414 2519 spiritu
1468 2466 1547 2507 sed
1593 2467 1760 2508 celicus

226 2535 457 2569 emanant.
535 2529 687 2583 Agam
721 2531 904 2572 assidue
935 2531 1114 2586 gracias
1147 2546 1249 2573 cum
1284 2533 1469 2588 gaudio,
1508 2534 1615 2589 quia
1653 2547 1758 2574 con-

228 2595 419 2637 formem
475 2611 545 2637 me
601 2598 745 2639 fecisti
801 2599 1072 2640 canentibus
1125 2600 1324 2653 preclare
1380 2614 1459 2654 per
1510 2601 1758 2642 claritatem

289 2679 317 2710 1.
349 2678 387 2719 (Z)
411 2678 659 2719 “acceptum'’
724 2682 756 2712 2.
798 2680 856 2720 (w)
882 2679 1115 2711 “donatum”
1175 2683 1203 2715 3.
1236 2682 1274 2724 (Z)
1300 2682 1520 2713 “amorem.'’

285 2725 317 2755 4.
345 2722 450 2754 Short,
484 2725 582 2754 texts
611 2723 855 2763 “pertinent.”

286 2769 316 2798 5.
345 2765 505 2798 Arzmdel
523 2766 599 2798 MS.
626 2767 699 2807 507,
725 2768 750 2798 f.
774 2768 827 2808 50,
850 2766 936 2798 ends
956 2766 1031 2798 this
1050 2767 1195 2808 chapter
1216 2767 1308 2799 here.
