1881 2985
470 185 540 220 SS.
576 186 893 223 MAGLORIUS
927 186 1041 220 AND
1077 185 1363 223 CUTHBERT
1617 188 1679 222 181

154 299 377 354 placionis
398 314 551 341 amore
571 302 789 349 succensi,
815 301 899 343 soli
924 301 1023 342 Deo
1047 315 1206 343 uacare
1227 309 1269 342 et
1294 315 1485 356 regnum
1508 303 1678 345 Christi

152 374 387 420 expectare
418 376 692 409 meruerunt.

211 432 388 488 Magna
426 442 492 475 est
533 435 672 490 igitur
712 435 805 476 uita
846 434 1106 476 heremitica
1145 435 1182 476 si
1219 434 1461 489 magnifice
1499 442 1680 489 agatur.

157 501 275 542 Nam
305 509 347 542 et
380 503 541 544 beatus
571 502 859 557 Magloriusl
894 503 971 558 qui
1003 503 1088 545 fuit
1124 504 1354 546 miraculis
1384 504 1549 558 plenus
1580 511 1621 545 et
1654 517 1681 544 a

154 568 354 623 puericia
377 569 642 610 uisitacione
664 570 871 624 angelica
894 570 1097 625 gauisus,
1118 585 1223 612 cum
1246 571 1370 612 iuxta
1387 570 1680 625 propheciam

155 635 488 689 predecessoris
525 637 622 678 eius
659 637 777 678 beati
816 636 1121 690 Sampsonis‚l
1160 638 1320 679 fuisset
1359 638 1504 679 factus
1537 637 1682 678 archi·

154 702 411 755 episcopus,
453 710 495 743 et
539 704 773 745 ecclesiam
818 704 903 745 Dei
947 704 1025 745 diu
1068 712 1110 745 et
1154 704 1441 746 laudabiliter
1483 704 1681 752 rexisset,
1703 707 1726 740 f.
1748 708 1789 742 73

156 768 368 810 uisitante
409 782 511 810 eum
559 770 727 824 angelo
772 771 986 818 monitus,
1035 771 1227 812 dimisso
1274 771 1681 824 archiepiscopatu,

157 835 297 877 uitam
325 835 463 890 elegit
489 836 831 885 heremiticam?
859 844 900 878 et
930 838 974 878 in
1004 837 1092 879 fine
1121 839 1212 880 uite
1240 839 1526 894 significatur
1549 846 1615 879 est
1642 839 1681 879 ei

155 902 372 943 transitus
404 902 517 944 eius.

212 966 432 1009 Similiter
460 969 619 1011 beatus
649 970 957 1012 Cuthbertus3
980 972 1037 1013 ab
1066 972 1331 1027 episcopatu
1357 973 1415 1014 ad
1445 974 1682 1015 anachori-

155 1035 289 1076 ticam
320 1036 459 1077 uitam
488 1037 715 1079 transiuit.
778 1037 827 1079 Si
858 1052 968 1093 ergo
996 1039 1054 1080 ad
1081 1040 1230 1082 maius
1257 1041 1467 1082 meritum
1495 1055 1683 1096 assequ-

155 1102 324 1144 endum
366 1103 478 1145 tales
517 1104 601 1145 uiri
644 1105 708 1146 sic
746 1105 961 1154 fecerunt,
1002 1106 1107 1160 quis
1142 1120 1252 1148 sane
1295 1103 1459 1149 mentis
1496 1108 1682 1150 audebit

154 1168 353 1223 aliquem
384 1177 550 1212 statum
578 1171 621 1211 in
653 1172 840 1213 ecclesia
872 1173 961 1214 uite
992 1173 1192 1215 solitarie
1221 1174 1453 1228 preferre?
1516 1174 1568 1215 In
1599 1174 1684 1215 hac

155 1236 275 1276 enim
299 1236 437 1278 nullis
463 1238 759 1280 exterioribus
786 1239 920 1281 rebus
946 1253 994 1280 se
1021 1248 1258 1294 occupant,
1284 1241 1363 1282 sed
1392 1241 1684 1283 solummodo

154 1316 350 1356 superne
377 1304 756 1357 contemplacioni
785 1312 963 1356 uacant,
989 1313 1037 1347 ut
1064 1307 1109 1347 in
1136 1320 1290 1349 amore
1318 1308 1489 1349 Christi
1518 1309 1685 1363 iugiter

152 1368 356 1410 ferueant
374 1377 416 1411 et
437 1371 596 1412 mundi
616 1372 947 1414 sollicitudines
967 1373 1163 1427 perfecte
1185 1381 1479 1428 postponant.
1546 1374 1683 1417 Unde

154 1443 196 1477 et
236 1437 353 1478 intra
394 1451 442 1479 se
483 1452 627 1480 sonus
666 1439 832 1482 celicus
875 1448 1065 1489 resonat,
1105 1442 1338 1497 melosque
1378 1442 1682 1485 dulcifluum4

153 1504 406 1547 solitarium
438 1506 676 1556 iocundat;
720 1521 747 1547 a
774 1521 866 1562 quo
895 1508 1010 1548 inter
1036 1508 1204 1550 multos
1229 1510 1429 1563 positum
1459 1510 1683 1552 tumultus

154 1571 376 1620 distrahit,
405 1580 447 1612 et
475 1587 566 1613 non
595 1573 682 1614 nisi
709 1588 810 1615 raro
837 1575 1037 1629 cogitare
1062 1577 1132 1618 uel
1154 1590 1282 1618 orare
1305 1578 1431 1619 sinit.
1495 1578 1565 1619 De
1592 1592 1682 1633 quo

155 1638 358 1680 solitario
404 1640 641 1693 psalmista
690 1641 734 1681 in
778 1643 974 1684 amantis
1025 1643 1195 1698 impnis
1242 1644 1442 1699 loquitur
1489 1645 1674 1686 dicens:

158 1705 380 1747 Transibo
402 1705 451 1747 in
474 1707 624 1749 locum
646 1710 926 1751 tabernaculi
948 1710 1230 1754 admirabilis
1251 1726 1397 1767 usque
1418 1714 1476 1754 ad
1496 1714 1683 1754 domum

156 1771 279 1820 Dei,5
323 1779 365 1813 et
413 1774 601 1816 modum
646 1777 912 1817 transeundi
964 1777 1009 1817 in
1062 1778 1206 1820 iubilo
1253 1786 1295 1820 et
1342 1780 1475 1821 laude
1518 1793 1684 1821 canora

154 1838 368 1881 describit
388 1841 604 1889 subdens,
624 1843 682 1883 In
701 1856 811 1884 uoce
832 1844 1126 1886 exultacionis
1145 1851 1186 1887 et
1207 1846 1520 1899 consessioniS,
1541 1861 1682 1889 sonus

154 1905 424 1960 epulantis.⁶
475 1908 532 1949 Et
555 1909 678 1964 quod
701 1911 953 1951 necessaria
979 1911 1051 1952 sit7
1078 1912 1278 1954 solitudo
1301 1921 1425 1954 extra
1445 1913 1683 1967 strepitum

154 1980 196 2015 et
245 1982 427 2017 cantum
469 1977 751 2030 corporalem
797 1979 855 2019 ad
903 1978 1001 2027 hod
1054 1987 1101 2021 ut
1148 1980 1251 2034 quis
1302 1980 1414 2021 illud
1464 1992 1682 2021 sonorum

155 2042 377 2095 gaudium
423 2044 584 2097 capiat,
628 2051 669 2085 et
716 2046 901 2086 retineat
943 2046 1183 2088 iubilando
1225 2054 1266 2088 et
1309 2047 1529 2096 canendo,
1572 2047 1683 2089 alibi

151 2115 306 2163 aperte
325 2108 342 2132 8
368 2110 566 2151 indicat:
602 2112 837 2165 Elongaui
866 2113 1014 2167 inquit
1040 2113 1227 2167 fugiens
1259 2119 1299 2155 et
1327 2115 1476 2156 mansi
1501 2115 1549 2156 in
1578 2114 1684 2156 solz·-

152 2175 354 2218 tudine.⁹
413 2177 618 2220 Conatur
650 2179 772 2220 enim
806 2180 972 2234 iugiter
1002 2180 1048 2220 in
1085 2180 1171 2222 hac
1208 2180 1300 2222 uita
1338 2180 1444 2235 igne
1483 2178 1684 2233 Spiritus

218 2308 246 2338 1.
274 2306 344 2338 For
355 2306 418 2339 the
436 2306 519 2339 Vita
529 2306 563 2339 S.
578 2307 751 2349 Maylorz'i
761 2319 819 2341 see
828 2308 998 2341 Bolland.
1010 2308 1103 2341 Acta
1114 2308 1335 2350 Sanctorum,
1348 2308 1418 2342 Oct
1426 2310 1477 2350 24,
1496 2319 1530 2348 x,
1549 2309 1688 2349 782-91;

150 2348 421 2382 alsoAnalacz‘a
432 2349 689 2392 Bollandiana,
706 2351 779 2392 viii,
792 2353 930 2392 372-81;
954 2351 1017 2391 xii,
1045 2353 1127 2389 3093
1163 2351 1265 2392 xviii,
1304 2354 1384 2391 183;
1423 2351 1498 2393 xix,
1535 2361 1567 2392 p.
1608 2351 1679 2383 237.

154 2392 188 2424 S.
213 2391 420 2433 Maglorius,
445 2393 541 2424 after
563 2392 702 2434 leaving
727 2393 783 2426 his
800 2394 1184 2437 “archipraesulatus''
1201 2395 1238 2428 of
1250 2395 1330 2436 Dol,
1342 2406 1456 2428 seems
1476 2393 1639 2437 actually
1649 2396 1687 2427 to

152 2435 243 2467 have
270 2435 429 2468 founded
456 2446 476 2466 a
499 2438 701 2478 monastery
723 2437 759 2468 in
790 2437 891 2480 Sark,
919 2437 1060 2469 whence
1088 2437 1143 2469 his
1171 2438 1274 2470 relies
1299 2449 1390 2469 were
1416 2436 1616 2470 translated
1643 2439 1683 2468 to

152 2478 274 2510 Lehon
296 2478 366 2510 and
393 2478 504 2509 Paris.
553 2479 623 2511 For
649 2490 693 2510 an
722 2483 867 2512 account,
895 2480 933 2511 of
961 2480 1024 2512 the
1048 2480 1256 2512 ceremonia]
1284 2481 1400 2513 which
1424 2480 1594 2514 attended
1622 2479 1683 2511 the

151 2521 365 2553 translation
387 2522 425 2553 of
447 2521 501 2554 his
524 2522 625 2554 relies
648 2522 685 2554 in
709 2525 789 2555 1318
817 2523 1002 2565 (probably
1021 2523 1148 2564 during
1170 2523 1300 2556 Rolle's
1322 2534 1426 2566 years
1448 2523 1486 2555 in
1511 2522 1680 2564 Oxford),

151 2575 209 2597 see
228 2564 362 2597 Claude
383 2564 613 2606 Chastellain,
636 2567 823 2608 Martyrol.
852 2566 974 2605 Univ.‚
997 2576 1029 2607 p.
1056 2569 1128 2598 805.

216 2610 244 2639 2.
275 2608 322 2650 (α)
350 2608 538 2639 “monitus
556 2612 611 2641 est
627 2611 679 2647 ut,
703 2609 847 2641 dimisso
869 2609 1183 2651 archiepiscopatu,
1206 2609 1316 2642 uitam
1336 2610 1488 2652 elegeret
1505 2608 1682 2641 heremiti-

150 2651 259 2683 cam.''
307 2651 350 2693 (j)
378 2651 618 2693 uncorrected,
645 2652 811 2684 “monitu
836 2652 992 2691 diuino,''
1018 2654 1083 2684 etc.

216 2696 245 2726 3.
274 2694 338 2726 See
357 2705 390 2735 p.
423 2696 475 2729 46.
559 2697 587 2725 4.
619 2695 662 2737 (f)
688 2695 730 2736 (j)
750 2695 991 2735 uncorrected,
1014 2696 1032 2708 “
1048 2695 1271 2728 dulcifluus.”
1338 2699 1367 2728 5.
1396 2695 1528 2729 Psalm.
1552 2699 1606 2737 41,
1628 2698 1659 2727 5.

150 2740 182 2771 6.
205 2738 343 2773 Psalm.
377 2740 430 2777 41,
449 2740 480 2770 5.
532 2738 561 2773 7.
588 2738 633 2778 (α)
663 2738 706 2780 (j)
735 2738 774 2781 (i)
802 2739 819 2752 “
836 2737 923 2770 est.'’
972 2741 1000 2772 8.
1040 2739 1088 2780 (9)
1116 2739 1167 2770 “a
1188 2738 1323 2780 parte.”
1371 2740 1400 2774 9.
1424 2739 1560 2772 Psalm.
1580 2741 1634 2779 54,
1655 2742 1685 2773 8.
