1881 2985
416 179 492 216 HE
530 178 763 214 ATTAINS
800 178 868 212 TO
906 176 1056 213 HEAT
1092 177 1206 210 AND
1245 177 1388 212 SONG
1602 179 1667 222 189

133 295 191 336 ad
213 294 500 348 apercionem
524 294 666 340 hosoii
692 294 881 344 celestis,
910 301 957 333 ut
980 292 1175 333 reuelata
1198 293 1311 334 facie
1331 293 1492 335 oculus
1513 292 1664 335 cordis

137 377 329 417 superos
355 364 749 417 contemplaretur,
783 369 825 403 et
859 361 1030 403 uideret
1064 374 1154 415 qua
1188 360 1262 402 uia
1293 367 1495 402 amatum
1527 374 1662 402 suurn

139 437 354 485 quereret,
378 438 419 470 et
440 430 497 470 ad
522 430 672 483 ipsum
694 429 859 483 iugiter
879 427 1122 478 anhelaret,
1141 427 1412 469 effluxerunt
1432 434 1521 469 tres
1540 427 1663 475 anni,

137 497 337 550 exceptis
363 497 509 538 tribus
538 498 608 538 uel
638 504 849 551 quattuor
878 495 1127 536 mensibus.
1193 494 1409 535 Manente
1436 494 1663 548 siquidem

139 564 297 605 hoscio
334 571 492 617 aperto
531 577 674 618 usque
713 563 771 604 ad
812 570 994 615 tempus
1033 561 1077 601 in
1114 575 1206 616 quo
1241 561 1286 601 in
1323 560 1456 602 corde
1490 560 1666 602 realiter

138 631 422 672 senciebatur
447 631 569 671 calor
592 631 730 671 eterni
759 630 940 677 amoris,
967 641 1117 669 annus
1146 641 1266 670 unus
1293 641 1408 681 pene
1436 626 1663 667 transiuit.

139 697 365 739 Sedebam
397 698 568 752 quippe
600 698 644 737 in
675 697 871 752 quadam
896 695 1081 749 capella,
1109 702 1151 736 et
1177 695 1286 736 dum
1313 693 1537 735 suauitate
1566 705 1665 732 ora-

139 765 283 806 cionis
316 765 387 805 uel
422 763 735 805 meditacionis
779 763 972 804 multum
1005 762 1261 809 delectarer,
1294 760 1448 802 subito
1477 758 1670 802 sentiui1

141 833 185 873 in
228 846 298 872 me
335 832 542 873 ardorem
584 832 816 872 insolitum
851 837 893 871 et
929 830 1191 870 iocundum.
1271 827 1363 869 Sed
1402 842 1504 869 cum
1539 827 1667 881 prius

140 899 395 940 dubitando
423 912 449 939 a
478 911 569 953 quo
602 905 731 945 esset,
763 911 841 951 per
877 897 1067 950 longum
1103 903 1285 949 tempus
1317 901 1530 948 expertus
1564 906 1666 934 sum

141 978 232 1006 non
265 979 292 1005 a
322 973 524 1006 creatura
556 966 635 1006 sed
667 979 693 1005 a
722 964 935 1006 Creatore
964 965 1097 1005 esse22
1131 964 1237 1018 quia
1266 963 1591 1003 feruenciorem
1626 968 1668 1002 et

141 1033 450 1074 iocundiorem
486 1031 685 1072 inueni.3
756 1031 999 1085 Flagrante
1033 1037 1182 1071 autem
1216 1030 1490 1072 sensibiliter
1520 1030 1668 1070 calore

142 1100 220 1141 illo
258 1100 618 1141 inestimabiliter
655 1099 786 1141 suaui
821 1112 965 1152 usque
1001 1098 1059 1138 ad
1091 1097 1367 1138 infusionem
1403 1104 1444 1137 et
1484 1109 1667 1150 percep-

141 1167 317 1208 cionem
338 1167 439 1207 soni
461 1166 638 1207 celestis
661 1166 732 1206 uel
754 1165 1016 1219 spiritualis,
1042 1165 1119 1218 qui
1143 1165 1201 1205 ad
1224 1164 1450 1205 canticum
1475 1163 1668 1217 pertinet

142 1234 291 1275 laudis
319 1241 467 1274 eterne
496 1241 538 1274 et
569 1233 838 1274 suauitatem
871 1232 1117 1272 inuisibilis
1148 1231 1353 1281 melodie,
1383 1244 1469 1284 que
1493 1229 1597 1271 sciri
1627 1234 1668 1268 et

140 1301 288 1342 audiri
316 1314 406 1341 non
437 1308 583 1354 potest
612 1300 698 1340 nisi
727 1300 783 1341 ab
813 1313 866 1339 eo
895 1299 972 1352 qui
1001 1298 1178 1351 accipit,
1205 1311 1338 1351 quern
1368 1304 1544 1349 oportet
1571 1308 1668 1336 esse

142 1368 412 1408 mundatum
442 1375 482 1407 et
514 1374 806 1421 segregatum
833 1380 859 1406 a
888 1365 1035 1411 terra,4
1072 1364 1292 1406 dimidius
1323 1377 1472 1404 annus
1506 1369 1547 1402 et
1580 1368 1671 1401 tres

143 1449 321 1477 menses
349 1443 389 1476 et
417 1435 590 1489 aliquot
619 1434 871 1475 ebdomade
897 1432 1183 1473 effluxerunt.

201 1502 324 1543 Dum
360 1502 480 1542 enim
517 1502 561 1542 in
597 1501 753 1542 eadem
789 1499 960 1553 capella
995 1499 1211 1546 sederem,
1242 1505 1283 1538 et
1319 1498 1363 1537 in
1402 1503 1531 1537 nocte
1563 1501 1669 1536 ante

141 1583 299 1611 cenam
346 1569 547 1623 psalmos
589 1575 723 1621 prout
762 1566 889 1620 potui
933 1567 1233 1612 decantarem,
1277 1563 1406 1619 quasi
1453 1563 1668 1603 tinnitum

142 1637 441 1692 psallencium
486 1636 557 1676 uel
606 1635 767 1689 pocius
811 1633 1077 1676 canencium
1126 1645 1265 1685 supra
1314 1645 1384 1672 me
1432 1628 1668 1671 ascultaui.

143 1705 353 1759 Cumque
378 1704 619 1745 celestibus
641 1703 781 1743 eciam
808 1701 983 1742 orando
1006 1707 1100 1741 toto
1125 1699 1352 1740 desiderio
1377 1697 1669 1742 intenderem,

144 1773 298 1813 nescio
330 1771 561 1826 quomodo
595 1784 701 1811 mox
731 1770 775 1809 in
810 1783 880 1810 me
906 1774 1175 1810 concentum
1207 1779 1423 1808 canorum
1459 1762 1594 1809 sensi,
1629 1767 1670 1800 et

142 1839 586 1881 delectabilissimam
614 1837 867 1878 armoniam
895 1835 1059 1877 celicus
1085 1833 1253 1886 excepi,
1283 1844 1459 1872 mecum
1485 1841 1670 1870 manen-

143 1913 231 1947 tem
271 1906 315 1946 in
354 1912 517 1946 mente.
598 1904 715 1944 Nam
753 1902 979 1957 cogitacio
1016 1914 1115 1941 mea
1146 1899 1367 1941 continuo
1404 1898 1449 1938 in
1488 1908 1669 1938 carmen

142 1987 359 2015 canorum
397 1971 773 2022 commutabatur,
805 1977 846 2010 et
876 1969 1006 2024 quasi
1041 1967 1171 2009 odas5
1219 1966 1359 2007 habui
1397 1961 1672 2008 meditando,

145 2048 186 2080 et
228 2040 369 2080 eciam
408 2038 698 2080 oracionibus
740 2038 851 2091 ipsis
892 2044 932 2077 et
972 2034 1228 2090 psalmodia
1268 2032 1463 2074 eundem
1506 2039 1670 2070 sonum

143 2138 319 2180 prioribus
346 2137 566 2179 dispositiuis
595 2137 639 2169 ad
666 2137 764 2168 illum
794 2138 973 2178 permanet
1002 2144 1111 2175 usque
1140 2134 1177 2164 in
1200 2133 1314 2164 finem.
1365 2130 1434 2162 Hic
1458 2134 1575 2162 tamen
1604 2138 1674 2158 non

145 2181 319 2214 modicum
352 2181 501 2222 proficit,
530 2181 593 2212 sed
620 2181 657 2211 in
691 2180 798 2212 alium
833 2182 963 2211 statum
984 2190 1055 2211 non
1080 2176 1260 2213 ascendit»,
1288 2175 1365 2217 [(w)
1416 2171 1633 2205 ‘abscondffl
1651 2170 1675 2210 ⁹]

144 2226 256 2258 Immo
276 2225 376 2266 quasi
396 2226 653 2256 consummatus
694 2227 767 2265 [(w)
798 2222 1078 2262 ‘consumptusq
1090 2220 1239 2263 quiescit,
1264 2235 1271 2257 ;
1304 2218 1436 2260 gracias
1458 2217 1532 2248 Deo
1554 2213 1675 2246 laudes

145 2269 372 2308 incessanter,
407 2278 516 2299 amen.
566 2268 609 2298 In
641 2270 742 2299 nocte
768 2266 827 2298 die·
855 2265 1101 2303 uisitacioni33
1126 2267 1206 2305 [(w)
1234 2260 1550 2306 ‘purifica-donis]
1566 2260 1675 2292 Beate

146 2313 260 2344 Marie
279 2311 426 2352 uirginis
448 2311 580 2342 dictum
595 2311 683 2342 mihi
700 2310 774 2342 fuit
792 2311 829 2341 in
849 2309 1014 2350 sompnis,
1037 2318 1126 2339 anno
1149 2306 1281 2339 domini
1301 2317 1334 2337 ni
1352 2303 1552 2336 00000xliii0
1575 2301 1674 2334 annis

147 2356 331 2388 duodecim
363 2355 474 2395 uives,
509 2355 642 2385 amen.’⁷
689 2354 776 2386 This
809 2352 1009 2384 conclusion
1042 2354 1080 2382 to
1111 2350 1173 2382 the
1207 2352 1290 2381 note
1322 2350 1483 2389 suggests
1511 2346 1591 2378 that
1628 2345 1674 2376 its

146 2399 312 2440 compilet·
339 2398 461 2439 copied
489 2410 510 2430 a,
532 2397 795 2429 memorandum
822 2396 922 2427 made
950 2395 996 2436 by
1022 2393 1122 2425 Rolle
1150 2392 1292 2424 himself
1317 2403 1354 2423 as
1377 2397 1415 2424 to
1441 2390 1496 2422 his
1525 2389 1668 2421 dream:

147 2444 166 2475 I
190 2443 233 2474 do
251 2446 313 2475 not
332 2442 436 2473 think
458 2441 501 2473 he
520 2451 591 2473 was
612 2441 673 2472 the
694 2440 806 2472 scribe
827 2440 865 2471 of
887 2438 1001 2470 either
1026 2437 1064 2478 (l)
1091 2447 1131 2468 or
1152 2437 1224 2478 (w).
1269 2437 1338 2468 For
1362 2435 1425 2467 the
1465 2435 1482 2448 “
1496 2430 1674 2465 window”

147 2487 188 2520 ef.
208 2498 262 2529 pp.
281 2488 355 2525 239,
374 2488 447 2526 246,
465 2487 540 2517 249.

212 2566 239 2596 1.
272 2561 322 2603 (k)
345 2562 363 2575 “
379 2560 506 2592 sensi.”
567 2562 599 2592 2.
630 2559 718 2591 This
740 2557 951 2598 description
974 2556 1003 2588 is
1025 2555 1150 2586 almost
1172 2553 1339 2586 identical
1362 2552 1449 2583 with
1471 2551 1552 2582 that>
1574 2549 1678 2591 given

145 2606 181 2638 in
199 2606 262 2638 the
286 2604 468 2645 Prologue.
537 2605 565 2636 3.
613 2603 671 2645 (w)
701 2603 784 2633 “me
815 2599 971 2634 inue11i.⁷’
1026 2602 1056 2631 4.
1099 2598 1156 2638 (w)
1188 2598 1226 2639 (l)
1254 2595 1427 2628 “turba”

210 2652 238 2682 5.
301 2648 464 2688 Ducange
537 2642 954 2677 “oda''=“canticum.⁷⁷
1034 2641 1202 2681 Ducange
1271 2639 1385 2671 shows
1425 2637 1511 2685 that,⁴
1544 2635 1672 2683 Rolle’s

147 2694 216 2724 few
236 2692 350 2724 Greek
376 2689 680 2728 words,——“oda,’'
708 2687 895 2726 “cauma,’'
924 2687 941 2699 ‘⁶
958 2684 1139 2726 pneuma,’'
1167 2682 1476 2721 “melos,’'-were
1503 2690 1539 2711 1n
1565 2678 1674 2720 fairly

146 2747 302 2767 common
323 2746 383 2767 use
404 2735 437 2767 in
470 2732 658 2766 mediaeval
677 2732 794 2764 Latin.
