<?xml version="1.0" encoding="UTF-8"?>
<!DOCTYPE html PUBLIC "-//W3C//DTD XHTML 1.0 Transitional//EN"
    "http://www.w3.org/TR/xhtml1/DTD/xhtml1-transitional.dtd">
<html xmlns="http://www.w3.org/1999/xhtml" xml:lang="en" lang="en">
 <head>
  <title>
</title>
<meta http-equiv="Content-Type" content="text/html;charset=utf-8" />
  <meta name='ocr-system' content='tesseract 3.04.00' />
  <meta name='ocr-capabilities' content='ocr_page ocr_carea ocr_par ocr_line ocrx_word'/>
</head>
<body>
  <div class='ocr_page' id='page_1' title='image "./incendiumamoris00rolluoft_0285.png"; bbox 0 0 1881 2985; ppageno 0'>
   <div class='ocr_carea' id='block_1_1' title="bbox 659 163 1662 211">
    <p class='ocr_par' dir='ltr' id='par_1_1' title="bbox 659 163 1662 211">
     <span class='ocr_line' id='line_1_1' title="bbox 659 163 1662 211; baseline -0.001 -13"><span class='ocrx_word' id='word_1_1' title='bbox 659 164 859 200; x_wconf 85' lang='lat' dir='ltr'>BODILY</span> <span class='ocrx_word' id='word_1_2' title='bbox 897 163 1116 200; x_wconf 82' lang='lat' dir='ltr'><strong>TRANCE</strong></span> <span class='ocrx_word' id='word_1_3' title='bbox 1597 176 1662 211; x_wconf 79' lang='lat'>255</span> 
     </span>
    </p>
   </div>
   <div class='ocr_carea' id='block_1_2' title="bbox 137 276 1777 2591">
    <p class='ocr_par' dir='ltr' id='par_1_2' title="bbox 137 276 1777 1199">
     <span class='ocr_line' id='line_1_2' title="bbox 195 276 1659 334; baseline 0.003 -18"><span class='ocrx_word' id='word_1_4' title='bbox 195 276 303 318; x_wconf 91' lang='lat' dir='ltr'>Alio</span> <span class='ocrx_word' id='word_1_5' title='bbox 328 278 465 319; x_wconf 93' lang='lat' dir='ltr'>modo</span> <span class='ocrx_word' id='word_1_6' title='bbox 487 278 651 320; x_wconf 91' lang='lat' dir='ltr'>dicitur</span> <span class='ocrx_word' id='word_1_7' title='bbox 674 285 828 332; x_wconf 90' lang='lat' dir='ltr'>raptus</span> <span class='ocrx_word' id='word_1_8' title='bbox 852 279 1111 320; x_wconf 87' lang='lat' dir='ltr'>eleuacione</span> <span class='ocrx_word' id='word_1_9' title='bbox 1135 279 1299 321; x_wconf 92' lang='lat' dir='ltr'>mentis</span> <span class='ocrx_word' id='word_1_10' title='bbox 1319 280 1377 320; x_wconf 93' lang='lat' dir='ltr'>ad</span> <span class='ocrx_word' id='word_1_11' title='bbox 1405 280 1554 321; x_wconf 90' lang='lat' dir='ltr'>Deum</span> <span class='ocrx_word' id='word_1_12' title='bbox 1580 294 1659 334; x_wconf 91' lang='lat' dir='ltr'>per</span> 
     </span>
     <span class='ocr_line' id='line_1_3' title="bbox 137 345 1659 400; baseline 0.002 -16"><span class='ocrx_word' id='word_1_13' title='bbox 137 345 588 398; x_wconf 79' lang='lat' dir='ltr'>contemplacionem,</span> <span class='ocrx_word' id='word_1_14' title='bbox 625 353 667 387; x_wconf 91' lang='lat' dir='ltr'>et</span> <span class='ocrx_word' id='word_1_15' title='bbox 704 346 777 388; x_wconf 91' lang='lat' dir='ltr'>hic</span> <span class='ocrx_word' id='word_1_16' title='bbox 813 346 976 387; x_wconf 91' lang='lat' dir='ltr'>modus</span> <span class='ocrx_word' id='word_1_17' title='bbox 1011 353 1077 387; x_wconf 93' lang='lat' dir='ltr'>est</span> <span class='ocrx_word' id='word_1_18' title='bbox 1114 346 1159 386; x_wconf 92' lang='lat' dir='ltr'>in</span> <span class='ocrx_word' id='word_1_19' title='bbox 1196 346 1413 387; x_wconf 89' lang='lat' dir='ltr'>omnibus</span> <span class='ocrx_word' id='word_1_20' title='bbox 1449 346 1659 400; x_wconf 85' lang='lat' dir='ltr'>perfectis</span> 
     </span>
     <span class='ocr_line' id='line_1_4' title="bbox 139 412 1660 467; baseline 0.001 -16"><span class='ocrx_word' id='word_1_21' title='bbox 139 412 418 453; x_wconf 82' lang='lat' dir='ltr'>amatoribus</span> <span class='ocrx_word' id='word_1_22' title='bbox 456 412 555 460; x_wconf 87' lang='lat' dir='ltr'>Dei,</span> <span class='ocrx_word' id='word_1_23' title='bbox 591 420 633 453; x_wconf 90' lang='lat' dir='ltr'>et</span> <span class='ocrx_word' id='word_1_24' title='bbox 668 413 712 453; x_wconf 90' lang='lat' dir='ltr'>in</span> <span class='ocrx_word' id='word_1_25' title='bbox 747 413 883 453; x_wconf 93' lang='lat' dir='ltr'>nullis</span> <span class='ocrx_word' id='word_1_26' title='bbox 919 413 1005 454; x_wconf 90' lang='lat' dir='ltr'>nisi</span> <span class='ocrx_word' id='word_1_27' title='bbox 1042 413 1118 467; x_wconf 91' lang='lat' dir='ltr'>qui</span> <span class='ocrx_word' id='word_1_28' title='bbox 1149 420 1304 453; x_wconf 90' lang='lat' dir='ltr'>amant</span> <span class='ocrx_word' id='word_1_29' title='bbox 1339 413 1504 454; x_wconf 90' lang='lat' dir='ltr'>Deum.</span> <span class='ocrx_word' id='word_1_30' title='bbox 1604 412 1660 453; x_wconf 91' lang='lat' dir='ltr'>Et</span> 
     </span>
     <span class='ocr_line' id='line_1_5' title="bbox 141 479 1660 534; baseline 0.001 -16"><span class='ocrx_word' id='word_1_31' title='bbox 141 485 255 519; x_wconf 88' lang='lat' dir='ltr'>recte</span> <span class='ocrx_word' id='word_1_32' title='bbox 279 479 443 520; x_wconf 88' lang='lat' dir='ltr'>dicitur</span> <span class='ocrx_word' id='word_1_33' title='bbox 466 487 619 533; x_wconf 90' lang='lat' dir='ltr'>raptus</span> <span class='ocrx_word' id='word_1_34' title='bbox 642 480 757 521; x_wconf 92' lang='lat' dir='ltr'>sicut</span> <span class='ocrx_word' id='word_1_35' title='bbox 780 487 821 521; x_wconf 90' lang='lat' dir='ltr'>et</span> <span class='ocrx_word' id='word_1_36' title='bbox 843 480 973 527; x_wconf 88' lang='lat' dir='ltr'>alius,</span> <span class='ocrx_word' id='word_1_37' title='bbox 997 480 1104 534; x_wconf 93' lang='lat' dir='ltr'>quia</span> <span class='ocrx_word' id='word_1_38' title='bbox 1129 480 1325 534; x_wconf 90' lang='lat' dir='ltr'>quadam</span> <span class='ocrx_word' id='word_1_39' title='bbox 1351 479 1575 521; x_wconf 90' lang='lat' dir='ltr'>uiolencia</span> <span class='ocrx_word' id='word_1_40' title='bbox 1599 479 1660 527; x_wconf 87' lang='lat' dir='ltr'>fit,</span> 
     </span>
     <span class='ocr_line' id='line_1_6' title="bbox 140 546 1662 600; baseline 0 -14"><span class='ocrx_word' id='word_1_41' title='bbox 140 552 182 586; x_wconf 91' lang='lat' dir='ltr'>et</span> <span class='ocrx_word' id='word_1_42' title='bbox 208 546 337 600; x_wconf 81' lang='lat' dir='ltr'>quasi</span> <span class='ocrx_word' id='word_1_43' title='bbox 359 554 517 587; x_wconf 88' lang='lat' dir='ltr'>contra</span> <span class='ocrx_word' id='word_1_44' title='bbox 545 554 766 587; x_wconf 89' lang='lat' dir='ltr'>naturam.</span> <span class='ocrx_word' id='word_1_45' title='bbox 834 547 981 587; x_wconf 91' lang='lat' dir='ltr'>Immo</span> <span class='ocrx_word' id='word_1_46' title='bbox 1005 560 1110 587; x_wconf 90' lang='lat' dir='ltr'>uere</span> <span class='ocrx_word' id='word_1_47' title='bbox 1133 546 1477 600; x_wconf 80' lang='lat' dir='ltr'>supernaturale</span> <span class='ocrx_word' id='word_1_48' title='bbox 1503 553 1584 597; x_wconf 89' lang='lat' dir='ltr'>est,</span> <span class='ocrx_word' id='word_1_49' title='bbox 1614 553 1662 586; x_wconf 89' lang='lat' dir='ltr'>ut</span> 
     </span>
     <span class='ocr_line' id='line_1_7' title="bbox 141 611 1665 667; baseline 0.001 -16"><span class='ocrx_word' id='word_1_50' title='bbox 141 611 196 651; x_wconf 92' lang='lat' dir='ltr'>de</span> <span class='ocrx_word' id='word_1_51' title='bbox 242 611 321 652; x_wconf 89' lang='lat' dir='ltr'>uili</span> <span class='ocrx_word' id='word_1_52' title='bbox 368 620 601 664; x_wconf 81' lang='lat' dir='ltr'>peccatore</span> <span class='ocrx_word' id='word_1_53' title='bbox 647 612 723 653; x_wconf 89' lang='lat' dir='ltr'>fiat</span> <span class='ocrx_word' id='word_1_54' title='bbox 769 612 890 654; x_wconf 90' lang='lat' dir='ltr'>filius</span> <span class='ocrx_word' id='word_1_55' title='bbox 937 613 1036 661; x_wconf 86' lang='lat' dir='ltr'>Dei,</span> <span class='ocrx_word' id='word_1_56' title='bbox 1083 613 1161 666; x_wconf 94' lang='lat' dir='ltr'>qui</span> <span class='ocrx_word' id='word_1_57' title='bbox 1206 611 1431 665; x_wconf 81' lang='lat' dir='ltr'>spirituali</span> <span class='ocrx_word' id='word_1_58' title='bbox 1492 612 1665 667; x_wconf 89' lang='lat' dir='ltr'>gaudio</span> 
     </span>
     <span class='ocr_line' id='line_1_8' title="bbox 143 678 1664 732; baseline -0.001 -13"><span class='ocrx_word' id='word_1_59' title='bbox 143 679 351 732; x_wconf 82' lang='lat' dir='ltr'>repletus,</span> <span class='ocrx_word' id='word_1_60' title='bbox 387 680 555 721; x_wconf 86' lang='lat' dir='ltr'>feratur</span> <span class='ocrx_word' id='word_1_61' title='bbox 593 681 637 720; x_wconf 91' lang='lat' dir='ltr'>in</span> <span class='ocrx_word' id='word_1_62' title='bbox 679 680 844 721; x_wconf 89' lang='lat' dir='ltr'>Deum.</span> <span class='ocrx_word' id='word_1_63' title='bbox 910 680 999 721; x_wconf 89' lang='lat' dir='ltr'>Iste</span> <span class='ocrx_word' id='word_1_64' title='bbox 1038 680 1201 721; x_wconf 90' lang='lat' dir='ltr'>modus</span> <span class='ocrx_word' id='word_1_65' title='bbox 1235 679 1427 720; x_wconf 90' lang='lat' dir='ltr'>multum</span> <span class='ocrx_word' id='word_1_66' title='bbox 1465 678 1664 720; x_wconf 90' lang='lat' dir='ltr'>desider-</span> 
     </span>
     <span class='ocr_line' id='line_1_9' title="bbox 142 744 1664 799; baseline -0.001 -13"><span class='ocrx_word' id='word_1_67' title='bbox 142 745 276 787; x_wconf 91' lang='lat' dir='ltr'>abilis</span> <span class='ocrx_word' id='word_1_68' title='bbox 311 753 376 786; x_wconf 90' lang='lat' dir='ltr'>est</span> <span class='ocrx_word' id='word_1_69' title='bbox 412 754 453 787; x_wconf 85' lang='lat' dir='ltr'>et</span> <span class='ocrx_word' id='word_1_70' title='bbox 487 746 724 787; x_wconf 88' lang='lat' dir='ltr'>amandus.</span> <span class='ocrx_word' id='word_1_71' title='bbox 821 746 939 787; x_wconf 91' lang='lat' dir='ltr'>Nam</span> <span class='ocrx_word' id='word_1_72' title='bbox 971 753 1012 787; x_wconf 94' lang='lat' dir='ltr'>et</span> <span class='ocrx_word' id='word_1_73' title='bbox 1049 746 1263 788; x_wconf 89' lang='lat' dir='ltr'>Christus</span> <span class='ocrx_word' id='word_1_74' title='bbox 1296 759 1474 799; x_wconf 89' lang='lat' dir='ltr'>semper</span> <span class='ocrx_word' id='word_1_75' title='bbox 1506 744 1664 786; x_wconf 90' lang='lat' dir='ltr'>habuit</span> 
     </span>
     <span class='ocr_line' id='line_1_10' title="bbox 141 811 1665 866; baseline -0.001 -13"><span class='ocrx_word' id='word_1_76' title='bbox 141 812 347 853; x_wconf 87' lang='lat' dir='ltr'>diuinam</span> <span class='ocrx_word' id='word_1_77' title='bbox 385 812 837 866; x_wconf 80' lang='lat' dir='ltr'>contemplacionem,</span> <span class='ocrx_word' id='word_1_78' title='bbox 878 812 957 853; x_wconf 93' lang='lat' dir='ltr'>sed</span> <span class='ocrx_word' id='word_1_79' title='bbox 997 826 1233 866; x_wconf 90' lang='lat' dir='ltr'>nunquam</span> <span class='ocrx_word' id='word_1_80' title='bbox 1271 811 1519 865; x_wconf 90' lang='lat' dir='ltr'>corporalis</span> <span class='ocrx_word' id='word_1_81' title='bbox 1551 811 1665 866; x_wconf 91' lang='lat' dir='ltr'>regi-</span> 
     </span>
     <span class='ocr_line' id='line_1_11' title="bbox 144 878 1665 932; baseline -0.001 -13"><span class='ocrx_word' id='word_1_82' title='bbox 144 879 281 919; x_wconf 90' lang='lat' dir='ltr'>minis</span> <span class='ocrx_word' id='word_1_83' title='bbox 302 878 677 919; x_wconf 89' lang='lat' dir='ltr'>subtraccionem.</span> <span class='ocrx_word' id='word_1_84' title='bbox 744 879 884 919; x_wconf 82' lang='lat' dir='ltr'>Aliud</span> <span class='ocrx_word' id='word_1_85' title='bbox 904 886 969 919; x_wconf 92' lang='lat' dir='ltr'>est</span> <span class='ocrx_word' id='word_1_86' title='bbox 988 892 1140 919; x_wconf 88' lang='lat' dir='ltr'>amore</span> <span class='ocrx_word' id='word_1_87' title='bbox 1162 879 1258 932; x_wconf 90' lang='lat' dir='ltr'>rapi</span> <span class='ocrx_word' id='word_1_88' title='bbox 1280 879 1324 918; x_wconf 93' lang='lat' dir='ltr'>in</span> <span class='ocrx_word' id='word_1_89' title='bbox 1348 892 1483 920; x_wconf 91' lang='lat' dir='ltr'>sensu</span> <span class='ocrx_word' id='word_1_90' title='bbox 1502 878 1665 927; x_wconf 88' lang='lat' dir='ltr'>carnis,</span> 
     </span>
     <span class='ocr_line' id='line_1_12' title="bbox 143 942 1665 997; baseline 0.001 -15"><span class='ocrx_word' id='word_1_91' title='bbox 143 942 268 983; x_wconf 90' lang='lat' dir='ltr'>aliud</span> <span class='ocrx_word' id='word_1_92' title='bbox 312 957 337 983; x_wconf 91' lang='lat' dir='ltr'>a</span> <span class='ocrx_word' id='word_1_93' title='bbox 381 956 516 984; x_wconf 91' lang='lat' dir='ltr'>sensu</span> <span class='ocrx_word' id='word_1_94' title='bbox 561 944 619 984; x_wconf 92' lang='lat' dir='ltr'>ad</span> <span class='ocrx_word' id='word_1_95' title='bbox 663 943 863 997; x_wconf 88' lang='lat' dir='ltr'>aliquam</span> <span class='ocrx_word' id='word_1_96' title='bbox 906 943 1144 991; x_wconf 82' lang='lat' dir='ltr'>uisionem,</span> <span class='ocrx_word' id='word_1_97' title='bbox 1186 943 1258 984; x_wconf 91' lang='lat' dir='ltr'>uel</span> <span class='ocrx_word' id='word_1_98' title='bbox 1302 950 1540 985; x_wconf 89' lang='lat' dir='ltr'>terrentem</span> <span class='ocrx_word' id='word_1_99' title='bbox 1593 943 1665 983; x_wconf 90' lang='lat' dir='ltr'>uel</span> 
     </span>
     <span class='ocr_line' id='line_1_13' title="bbox 144 1011 1669 1065; baseline -0.001 -13"><span class='ocrx_word' id='word_1_100' title='bbox 144 1011 465 1052; x_wconf 80' lang='lat' dir='ltr'>blandientem.</span> <span class='ocrx_word' id='word_1_101' title='bbox 531 1011 632 1065; x_wconf 88' lang='lat' dir='ltr'>Ego</span> <span class='ocrx_word' id='word_1_102' title='bbox 658 1012 887 1052; x_wconf 86' lang='lat' dir='ltr'>meliorem</span> <span class='ocrx_word' id='word_1_103' title='bbox 913 1012 1073 1052; x_wconf 87' lang='lat' dir='ltr'>estimo</span> <span class='ocrx_word' id='word_1_104' title='bbox 1098 1018 1276 1064; x_wconf 88' lang='lat' dir='ltr'>raptum</span> <span class='ocrx_word' id='word_1_105' title='bbox 1297 1011 1478 1059; x_wconf 87' lang='lat' dir='ltr'>amoris,</span> <span class='ocrx_word' id='word_1_106' title='bbox 1506 1011 1550 1050; x_wconf 93' lang='lat' dir='ltr'>in</span> <span class='ocrx_word' id='word_1_107' title='bbox 1576 1024 1669 1064; x_wconf 89' lang='lat' dir='ltr'>quo</span> 
     </span>
     <span class='ocr_line' id='line_1_14' title="bbox 146 1077 1777 1120; baseline -0.001 -2"><span class='ocrx_word' id='word_1_108' title='bbox 146 1078 286 1119; x_wconf 91' lang='lat' dir='ltr'>homo</span> <span class='ocrx_word' id='word_1_109' title='bbox 326 1080 521 1120; x_wconf 79' lang='lat' dir='ltr'>maxime</span> <span class='ocrx_word' id='word_1_110' title='bbox 559 1087 767 1120; x_wconf 90' lang='lat' dir='ltr'>meretur.</span> <span class='ocrx_word' id='word_1_111' title='bbox 848 1079 1018 1120; x_wconf 90' lang='lat' dir='ltr'>Uidere</span> <span class='ocrx_word' id='word_1_112' title='bbox 1059 1079 1180 1120; x_wconf 90' lang='lat' dir='ltr'>enim</span> <span class='ocrx_word' id='word_1_113' title='bbox 1224 1078 1331 1119; x_wconf 92' lang='lat' dir='ltr'>dare</span> <span class='ocrx_word' id='word_1_114' title='bbox 1374 1077 1559 1119; x_wconf 89' lang='lat' dir='ltr'>celescia</span> <span class='ocrx_word' id='word_1_115' title='bbox 1609 1078 1667 1118; x_wconf 90' lang='lat' dir='ltr'>ad</span> <span class='ocrx_word' id='word_1_116' title='bbox 1689 1085 1713 1118; x_wconf 85' lang='lat' dir='ltr'>f.</span> <span class='ocrx_word' id='word_1_117' title='bbox 1735 1087 1777 1118; x_wconf 84' lang='lat'>94</span> 
     </span>
     <span class='ocr_line' id='line_1_15' title="bbox 147 1145 1040 1199; baseline 0 -14"><span class='ocrx_word' id='word_1_118' title='bbox 147 1146 370 1198; x_wconf 87' lang='lat' dir='ltr'>premium</span> <span class='ocrx_word' id='word_1_119' title='bbox 398 1146 589 1199; x_wconf 87' lang='lat' dir='ltr'>pertinet</span> <span class='ocrx_word' id='word_1_120' title='bbox 613 1159 703 1186; x_wconf 92' lang='lat' dir='ltr'>non</span> <span class='ocrx_word' id='word_1_121' title='bbox 730 1145 787 1186; x_wconf 90' lang='lat' dir='ltr'>ad</span> <span class='ocrx_word' id='word_1_122' title='bbox 814 1145 1040 1186; x_wconf 91' lang='lat' dir='ltr'>meritum.</span> 
     </span>
    </p>

    <p class='ocr_par' dir='ltr' id='par_1_3' title="bbox 147 1210 1680 2591">
     <span class='ocr_line' id='line_1_16' title="bbox 206 1210 1670 1266; baseline -0.001 -15"><span class='ocrx_word' id='word_1_123' title='bbox 206 1211 432 1252; x_wconf 90' lang='lat' dir='ltr'>Dicuntur</span> <span class='ocrx_word' id='word_1_124' title='bbox 453 1212 603 1266; x_wconf 91' lang='lat' dir='ltr'>itaque</span> <span class='ocrx_word' id='word_1_125' title='bbox 627 1212 741 1265; x_wconf 89' lang='lat' dir='ltr'>rapti</span> <span class='ocrx_word' id='word_1_126' title='bbox 767 1213 843 1266; x_wconf 91' lang='lat' dir='ltr'>qui</span> <span class='ocrx_word' id='word_1_127' title='bbox 869 1211 1123 1253; x_wconf 86' lang='lat' dir='ltr'>Saluatoris</span> <span class='ocrx_word' id='word_1_128' title='bbox 1140 1211 1210 1252; x_wconf 92' lang='lat' dir='ltr'>sui</span> <span class='ocrx_word' id='word_1_129' title='bbox 1234 1210 1471 1252; x_wconf 88' lang='lat' dir='ltr'>desideriis</span> <span class='ocrx_word' id='word_1_130' title='bbox 1496 1210 1670 1264; x_wconf 83' lang='lat' dir='ltr'>integre</span> 
     </span>
     <span class='ocr_line' id='line_1_17' title="bbox 147 1276 1671 1334; baseline -0.003 -13"><span class='ocrx_word' id='word_1_131' title='bbox 147 1287 189 1321; x_wconf 90' lang='lat' dir='ltr'>et</span> <span class='ocrx_word' id='word_1_132' title='bbox 216 1280 411 1334; x_wconf 87' lang='lat' dir='ltr'>perfecte</span> <span class='ocrx_word' id='word_1_133' title='bbox 435 1288 541 1321; x_wconf 91' lang='lat' dir='ltr'>sunt</span> <span class='ocrx_word' id='word_1_134' title='bbox 570 1280 830 1334; x_wconf 87' lang='lat' dir='ltr'>mancipati,</span> <span class='ocrx_word' id='word_1_135' title='bbox 864 1288 905 1321; x_wconf 89' lang='lat' dir='ltr'>et</span> <span class='ocrx_word' id='word_1_136' title='bbox 933 1280 990 1320; x_wconf 91' lang='lat' dir='ltr'>ad</span> <span class='ocrx_word' id='word_1_137' title='bbox 1020 1293 1234 1321; x_wconf 86' lang='lat' dir='ltr'>cacumen</span> <span class='ocrx_word' id='word_1_138' title='bbox 1265 1276 1671 1332; x_wconf 89' lang='lat' dir='ltr'>contemplacionis</span> 
     </span>
     <span class='ocr_line' id='line_1_18' title="bbox 148 1343 1670 1399; baseline -0.002 -13"><span class='ocrx_word' id='word_1_139' title='bbox 148 1346 350 1386; x_wconf 87' lang='lat' dir='ltr'>ualenter</span> <span class='ocrx_word' id='word_1_140' title='bbox 393 1346 660 1387; x_wconf 88' lang='lat' dir='ltr'>ascendunt.</span> <span class='ocrx_word' id='word_1_141' title='bbox 740 1346 1062 1386; x_wconf 91' lang='lat' dir='ltr'>Illuminantur</span> <span class='ocrx_word' id='word_1_142' title='bbox 1107 1359 1289 1399; x_wconf 89' lang='lat' dir='ltr'>quoque</span> <span class='ocrx_word' id='word_1_143' title='bbox 1331 1344 1562 1397; x_wconf 90' lang='lat' dir='ltr'>sapiencia</span> <span class='ocrx_word' id='word_1_144' title='bbox 1604 1343 1670 1383; x_wconf 89' lang='lat' dir='ltr'>in-</span> 
     </span>
     <span class='ocr_line' id='line_1_19' title="bbox 149 1411 1671 1467; baseline -0.003 -13"><span class='ocrx_word' id='word_1_145' title='bbox 149 1421 307 1461; x_wconf 84' lang='lat' dir='ltr'>creata,</span> <span class='ocrx_word' id='word_1_146' title='bbox 335 1420 375 1454; x_wconf 92' lang='lat' dir='ltr'>et</span> <span class='ocrx_word' id='word_1_147' title='bbox 406 1414 629 1454; x_wconf 84' lang='lat' dir='ltr'>feruorem</span> <span class='ocrx_word' id='word_1_148' title='bbox 661 1413 997 1467; x_wconf 89' lang='lat' dir='ltr'>inconscriptel</span> <span class='ocrx_word' id='word_1_149' title='bbox 1028 1413 1141 1454; x_wconf 90' lang='lat' dir='ltr'>lucis</span> <span class='ocrx_word' id='word_1_150' title='bbox 1171 1413 1302 1454; x_wconf 91' lang='lat' dir='ltr'>cuius</span> <span class='ocrx_word' id='word_1_151' title='bbox 1332 1411 1671 1466; x_wconf 87' lang='lat' dir='ltr'>pulchritudine</span> 
     </span>
     <span class='ocr_line' id='line_1_20' title="bbox 153 1477 1673 1534; baseline -0.003 -14"><span class='ocrx_word' id='word_1_152' title='bbox 153 1480 389 1534; x_wconf 87' lang='lat' dir='ltr'>rapiuntur</span> <span class='ocrx_word' id='word_1_153' title='bbox 421 1481 585 1521; x_wconf 89' lang='lat' dir='ltr'>sentire</span> <span class='ocrx_word' id='word_1_154' title='bbox 623 1487 899 1521; x_wconf 90' lang='lat' dir='ltr'>meruerunt.</span> <span class='ocrx_word' id='word_1_155' title='bbox 956 1480 1055 1521; x_wconf 93' lang='lat' dir='ltr'>Hec</span> <span class='ocrx_word' id='word_1_156' title='bbox 1089 1486 1240 1520; x_wconf 86' lang='lat' dir='ltr'>autem</span> <span class='ocrx_word' id='word_1_157' title='bbox 1278 1478 1489 1519; x_wconf 89' lang='lat' dir='ltr'>accidunt</span> <span class='ocrx_word' id='word_1_158' title='bbox 1522 1477 1673 1518; x_wconf 89' lang='lat' dir='ltr'>anime</span> 
     </span>
     <span class='ocr_line' id='line_1_21' title="bbox 150 1541 1672 1602; baseline -0.005 -13"><span class='ocrx_word' id='word_1_159' title='bbox 150 1549 326 1599; x_wconf 91' lang='lat' dir='ltr'>deuote,</span> <span class='ocrx_word' id='word_1_160' title='bbox 381 1548 566 1602; x_wconf 88' lang='lat' dir='ltr'>quando</span> <span class='ocrx_word' id='word_1_161' title='bbox 613 1561 772 1588; x_wconf 91' lang='lat' dir='ltr'>omnes</span> <span class='ocrx_word' id='word_1_162' title='bbox 822 1547 919 1588; x_wconf 89' lang='lat' dir='ltr'>eius</span> <span class='ocrx_word' id='word_1_163' title='bbox 969 1546 1276 1600; x_wconf 86' lang='lat' dir='ltr'>cogitaciones</span> <span class='ocrx_word' id='word_1_164' title='bbox 1320 1544 1480 1585; x_wconf 89' lang='lat' dir='ltr'>diuino</span> <span class='ocrx_word' id='word_1_165' title='bbox 1529 1541 1672 1584; x_wconf 91' lang='lat' dir='ltr'>amori</span> 
     </span>
     <span class='ocr_line' id='line_1_22' title="bbox 149 1611 1673 1667; baseline -0.005 -13"><span class='ocrx_word' id='word_1_166' title='bbox 149 1614 430 1663; x_wconf 89' lang='lat' dir='ltr'>ordinantur,</span> <span class='ocrx_word' id='word_1_167' title='bbox 460 1626 710 1667; x_wconf 90' lang='lat' dir='ltr'>omnesque</span> <span class='ocrx_word' id='word_1_168' title='bbox 739 1613 904 1653; x_wconf 89' lang='lat' dir='ltr'>mentis</span> <span class='ocrx_word' id='word_1_169' title='bbox 932 1612 1078 1665; x_wconf 91' lang='lat' dir='ltr'>ipsius</span> <span class='ocrx_word' id='word_1_170' title='bbox 1107 1611 1411 1666; x_wconf 89' lang='lat' dir='ltr'>euagaciones</span> <span class='ocrx_word' id='word_1_171' title='bbox 1438 1615 1673 1650; x_wconf 90' lang='lat' dir='ltr'>transeunt</span> 
     </span>
     <span class='ocr_line' id='line_1_23' title="bbox 154 1676 1676 1733; baseline -0.003 -12"><span class='ocrx_word' id='word_1_172' title='bbox 154 1681 197 1721; x_wconf 92' lang='lat' dir='ltr'>in</span> <span class='ocrx_word' id='word_1_173' title='bbox 223 1680 527 1727; x_wconf 86' lang='lat' dir='ltr'>stabilitatem,</span> <span class='ocrx_word' id='word_1_174' title='bbox 551 1687 593 1720; x_wconf 92' lang='lat' dir='ltr'>et</span> <span class='ocrx_word' id='word_1_175' title='bbox 616 1680 714 1733; x_wconf 92' lang='lat' dir='ltr'>ipsa</span> <span class='ocrx_word' id='word_1_176' title='bbox 739 1680 826 1719; x_wconf 91' lang='lat' dir='ltr'>iam</span> <span class='ocrx_word' id='word_1_177' title='bbox 852 1692 941 1719; x_wconf 89' lang='lat' dir='ltr'>non</span> <span class='ocrx_word' id='word_1_178' title='bbox 968 1676 1155 1719; x_wconf 87' lang='lat' dir='ltr'>fluctuat</span> <span class='ocrx_word' id='word_1_179' title='bbox 1178 1685 1255 1718; x_wconf 91' lang='lat' dir='ltr'>aut</span> <span class='ocrx_word' id='word_1_180' title='bbox 1280 1677 1455 1725; x_wconf 88' lang='lat' dir='ltr'>hesitat,</span> <span class='ocrx_word' id='word_1_181' title='bbox 1477 1676 1556 1718; x_wconf 93' lang='lat' dir='ltr'>sed</span> <span class='ocrx_word' id='word_1_182' title='bbox 1581 1682 1676 1716; x_wconf 90' lang='lat' dir='ltr'>toto</span> 
     </span>
     <span class='ocr_line' id='line_1_24' title="bbox 150 1744 1674 1800; baseline -0.003 -11"><span class='ocrx_word' id='word_1_183' title='bbox 150 1748 311 1789; x_wconf 85' lang='lat' dir='ltr'>affectu</span> <span class='ocrx_word' id='word_1_184' title='bbox 335 1749 379 1788; x_wconf 91' lang='lat' dir='ltr'>in</span> <span class='ocrx_word' id='word_1_185' title='bbox 399 1761 541 1788; x_wconf 89' lang='lat' dir='ltr'>unum</span> <span class='ocrx_word' id='word_1_186' title='bbox 562 1747 938 1800; x_wconf 88' lang='lat' dir='ltr'>deducta‚2atque</span> <span class='ocrx_word' id='word_1_187' title='bbox 957 1746 1055 1793; x_wconf 85' lang='lat' dir='ltr'>sita,</span> <span class='ocrx_word' id='word_1_188' title='bbox 1070 1759 1241 1799; x_wconf 86' lang='lat' dir='ltr'>magno</span> <span class='ocrx_word' id='word_1_189' title='bbox 1259 1744 1418 1786; x_wconf 90' lang='lat' dir='ltr'>ardore</span> <span class='ocrx_word' id='word_1_190' title='bbox 1439 1744 1674 1786; x_wconf 91' lang='lat' dir='ltr'>Christum</span> 
     </span>
     <span class='ocr_line' id='line_1_25' title="bbox 152 1807 1675 1865; baseline -0.003 -12"><span class='ocrx_word' id='word_1_191' title='bbox 152 1812 349 1863; x_wconf 87' lang='lat' dir='ltr'>anhelat,</span> <span class='ocrx_word' id='word_1_192' title='bbox 384 1811 448 1852; x_wconf 91' lang='lat' dir='ltr'>illi</span> <span class='ocrx_word' id='word_1_193' title='bbox 471 1819 650 1853; x_wconf 83' lang='lat' dir='ltr'>extenta</span> <span class='ocrx_word' id='word_1_194' title='bbox 679 1819 721 1853; x_wconf 88' lang='lat' dir='ltr'>et</span> <span class='ocrx_word' id='word_1_195' title='bbox 749 1812 932 1859; x_wconf 86' lang='lat' dir='ltr'>intenta,</span> <span class='ocrx_word' id='word_1_196' title='bbox 963 1811 1092 1865; x_wconf 91' lang='lat' dir='ltr'>quasi</span> <span class='ocrx_word' id='word_1_197' title='bbox 1120 1823 1211 1851; x_wconf 92' lang='lat' dir='ltr'>non</span> <span class='ocrx_word' id='word_1_198' title='bbox 1239 1816 1389 1851; x_wconf 91' lang='lat' dir='ltr'>essent</span> <span class='ocrx_word' id='word_1_199' title='bbox 1417 1815 1567 1863; x_wconf 88' lang='lat' dir='ltr'>preter</span> <span class='ocrx_word' id='word_1_200' title='bbox 1591 1807 1675 1848; x_wconf 92' lang='lat' dir='ltr'>hos</span> 
     </span>
     <span class='ocr_line' id='line_1_26' title="bbox 153 1872 1677 1931; baseline -0.004 -11"><span class='ocrx_word' id='word_1_201' title='bbox 153 1880 285 1930; x_wconf 87' lang='lat' dir='ltr'>duos,</span> <span class='ocrx_word' id='word_1_202' title='bbox 313 1879 496 1929; x_wconf 88' lang='lat' dir='ltr'>scilicet,</span> <span class='ocrx_word' id='word_1_203' title='bbox 524 1878 759 1919; x_wconf 89' lang='lat' dir='ltr'>Christum</span> <span class='ocrx_word' id='word_1_204' title='bbox 776 1886 815 1920; x_wconf 87' lang='lat' dir='ltr'>et</span> <span class='ocrx_word' id='word_1_205' title='bbox 842 1879 986 1931; x_wconf 89' lang='lat' dir='ltr'>ipsam</span> <span class='ocrx_word' id='word_1_206' title='bbox 1010 1877 1211 1917; x_wconf 91' lang='lat' dir='ltr'>animam</span> <span class='ocrx_word' id='word_1_207' title='bbox 1233 1883 1478 1917; x_wconf 89' lang='lat' dir='ltr'>amantem.</span> <span class='ocrx_word' id='word_1_208' title='bbox 1540 1872 1677 1915; x_wconf 91' lang='lat' dir='ltr'>Unde</span> 
     </span>
     <span class='ocr_line' id='line_1_27' title="bbox 154 1941 1675 2002; baseline -0.007 -13"><span class='ocrx_word' id='word_1_209' title='bbox 154 1947 470 2002; x_wconf 88' lang='lat' dir='ltr'>conglutinata</span> <span class='ocrx_word' id='word_1_210' title='bbox 513 1954 579 1987; x_wconf 88' lang='lat' dir='ltr'>est</span> <span class='ocrx_word' id='word_1_211' title='bbox 621 1946 661 1987; x_wconf 95' lang='lat' dir='ltr'>ei</span> <span class='ocrx_word' id='word_1_212' title='bbox 705 1946 875 1986; x_wconf 91' lang='lat' dir='ltr'>amoris</span> <span class='ocrx_word' id='word_1_213' title='bbox 919 1944 1105 1986; x_wconf 91' lang='lat' dir='ltr'>uinculo</span> <span class='ocrx_word' id='word_1_214' title='bbox 1144 1941 1467 1991; x_wconf 88' lang='lat' dir='ltr'>indissolubili,</span> <span class='ocrx_word' id='word_1_215' title='bbox 1516 1947 1557 1981; x_wconf 91' lang='lat' dir='ltr'>et</span> <span class='ocrx_word' id='word_1_216' title='bbox 1597 1951 1675 1992; x_wconf 88' lang='lat' dir='ltr'>per</span> 
     </span>
     <span class='ocr_line' id='line_1_28' title="bbox 152 2005 1676 2064; baseline -0.007 -8"><span class='ocrx_word' id='word_1_217' title='bbox 152 2028 388 2056; x_wconf 86' lang='lat' dir='ltr'>excessum</span> <span class='ocrx_word' id='word_1_218' title='bbox 430 2014 593 2055; x_wconf 91' lang='lat' dir='ltr'>mentis</span> <span class='ocrx_word' id='word_1_219' title='bbox 636 2021 759 2054; x_wconf 85' lang='lat' dir='ltr'>extra</span> <span class='ocrx_word' id='word_1_220' title='bbox 800 2013 994 2054; x_wconf 89' lang='lat' dir='ltr'>claustra</span> <span class='ocrx_word' id='word_1_221' title='bbox 1039 2011 1241 2064; x_wconf 85' lang='lat' dir='ltr'>corporis</span> <span class='ocrx_word' id='word_1_222' title='bbox 1279 2009 1480 2055; x_wconf 88' lang='lat' dir='ltr'>euolans,</span> <span class='ocrx_word' id='word_1_223' title='bbox 1527 2005 1676 2047; x_wconf 89' lang='lat' dir='ltr'>haurit</span> 
     </span>
     <span class='ocr_line' id='line_1_29' title="bbox 155 2075 1676 2136; baseline -0.005 -14"><span class='ocrx_word' id='word_1_224' title='bbox 155 2081 369 2136; x_wconf 89' lang='lat' dir='ltr'>poculum</span> <span class='ocrx_word' id='word_1_225' title='bbox 390 2080 711 2135; x_wconf 39' lang='lat' dir='ltr'>pvremirificum</span> <span class='ocrx_word' id='word_1_226' title='bbox 731 2094 753 2121; x_wconf 93' lang='lat' dir='ltr'>e</span> <span class='ocrx_word' id='word_1_227' title='bbox 771 2080 880 2121; x_wconf 92' lang='lat' dir='ltr'>celis</span> <span class='ocrx_word' id='word_1_228' title='bbox 894 2079 969 2129; x_wconf 86' lang='lat' dir='ltr'>3ad</span> <span class='ocrx_word' id='word_1_229' title='bbox 989 2079 1111 2133; x_wconf 90' lang='lat' dir='ltr'>quod</span> <span class='ocrx_word' id='word_1_230' title='bbox 1133 2090 1368 2131; x_wconf 84' lang='lat' dir='ltr'>nunquam</span> <span class='ocrx_word' id='word_1_231' title='bbox 1388 2075 1676 2130; x_wconf 87' lang='lat' dir='ltr'>pertingeret,</span> 
     </span>
     <span class='ocr_line' id='line_1_30' title="bbox 158 2139 1676 2202; baseline -0.006 -13"><span class='ocrx_word' id='word_1_232' title='bbox 158 2149 244 2189; x_wconf 91' lang='lat' dir='ltr'>nisi</span> <span class='ocrx_word' id='word_1_233' title='bbox 273 2148 357 2188; x_wconf 91' lang='lat' dir='ltr'>Dei</span> <span class='ocrx_word' id='word_1_234' title='bbox 389 2148 542 2202; x_wconf 85' lang='lat' dir='ltr'>gracia</span> <span class='ocrx_word' id='word_1_235' title='bbox 569 2147 626 2188; x_wconf 88' lang='lat' dir='ltr'>ab</span> <span class='ocrx_word' id='word_1_236' title='bbox 657 2146 848 2187; x_wconf 89' lang='lat' dir='ltr'>infirmis</span> <span class='ocrx_word' id='word_1_237' title='bbox 874 2144 1200 2185; x_wconf 83' lang='lat' dir='ltr'>affeccionibus</span> <span class='ocrx_word' id='word_1_238' title='bbox 1230 2149 1471 2196; x_wconf 84' lang='lat' dir='ltr'>raperetur,</span> <span class='ocrx_word' id='word_1_239' title='bbox 1497 2141 1541 2182; x_wconf 92' lang='lat' dir='ltr'>in</span> <span class='ocrx_word' id='word_1_240' title='bbox 1572 2139 1676 2181; x_wconf 91' lang='lat' dir='ltr'>sub-</span> 
     </span>
     <span class='ocr_line' id='line_1_31' title="bbox 158 2207 1678 2267; baseline -0.006 -12"><span class='ocrx_word' id='word_1_241' title='bbox 158 2215 345 2256; x_wconf 90' lang='lat' dir='ltr'>limitate</span> <span class='ocrx_word' id='word_1_242' title='bbox 368 2214 556 2267; x_wconf 90' lang='lat' dir='ltr'>spiritus</span> <span class='ocrx_word' id='word_1_243' title='bbox 580 2213 836 2260; x_wconf 88' lang='lat' dir='ltr'>constituta,</span> <span class='ocrx_word' id='word_1_244' title='bbox 863 2213 907 2252; x_wconf 92' lang='lat' dir='ltr'>in</span> <span class='ocrx_word' id='word_1_245' title='bbox 936 2226 1025 2266; x_wconf 87' lang='lat' dir='ltr'>qua</span> <span class='ocrx_word' id='word_1_246' title='bbox 1052 2211 1266 2251; x_wconf 90' lang='lat' dir='ltr'>nimirum</span> <span class='ocrx_word' id='word_1_247' title='bbox 1294 2209 1494 2251; x_wconf 86' lang='lat' dir='ltr'>salubria</span> <span class='ocrx_word' id='word_1_248' title='bbox 1523 2207 1678 2260; x_wconf 88' lang='lat' dir='ltr'>recipit</span> 
     </span>
     <span class='ocr_line' id='line_1_32' title="bbox 156 2272 1676 2334; baseline -0.007 -13"><span class='ocrx_word' id='word_1_249' title='bbox 156 2280 277 2321; x_wconf 89' lang='lat' dir='ltr'>dona</span> <span class='ocrx_word' id='word_1_250' title='bbox 301 2280 571 2334; x_wconf 86' lang='lat' dir='ltr'>graciarum.</span> <span class='ocrx_word' id='word_1_251' title='bbox 636 2277 754 2318; x_wconf 89' lang='lat' dir='ltr'>Cum</span> <span class='ocrx_word' id='word_1_252' title='bbox 778 2291 890 2332; x_wconf 90' lang='lat' dir='ltr'>ergo</span> <span class='ocrx_word' id='word_1_253' title='bbox 911 2276 1200 2318; x_wconf 92' lang='lat' dir='ltr'>solummodo</span> <span class='ocrx_word' id='word_1_254' title='bbox 1225 2275 1384 2316; x_wconf 91' lang='lat' dir='ltr'>diuina</span> <span class='ocrx_word' id='word_1_255' title='bbox 1406 2288 1457 2316; x_wconf 91' lang='lat' dir='ltr'>ac</span> <span class='ocrx_word' id='word_1_256' title='bbox 1477 2272 1676 2319; x_wconf 83' lang='lat' dir='ltr'>celescia,</span> 
     </span>
     <span class='ocr_line' id='line_1_33' title="bbox 159 2342 1678 2395; baseline -0.008 -7"><span class='ocrx_word' id='word_1_257' title='bbox 159 2347 483 2388; x_wconf 88' lang='lat' dir='ltr'>irreuerberato</span> <span class='ocrx_word' id='word_1_258' title='bbox 522 2359 574 2386; x_wconf 92' lang='lat' dir='ltr'>ac</span> <span class='ocrx_word' id='word_1_259' title='bbox 615 2343 757 2386; x_wconf 91' lang='lat' dir='ltr'>libero</span> <span class='ocrx_word' id='word_1_260' title='bbox 797 2344 930 2385; x_wconf 91' lang='lat' dir='ltr'>corde</span> <span class='ocrx_word' id='word_1_261' title='bbox 973 2342 1218 2384; x_wconf 83' lang='lat' dir='ltr'>sicienter3</span> <span class='ocrx_word' id='word_1_262' title='bbox 1260 2342 1441 2395; x_wconf 89' lang='lat' dir='ltr'>cogitet,</span> <span class='ocrx_word' id='word_1_263' title='bbox 1484 2344 1678 2379; x_wconf 91' lang='lat' dir='ltr'>mentem</span> 
     </span>
     <span class='ocr_line' id='line_1_34' title="bbox 161 2407 1680 2464; baseline -0.007 -10"><span class='ocrx_word' id='word_1_264' title='bbox 161 2427 290 2454; x_wconf 89' lang='lat' dir='ltr'>suam</span> <span class='ocrx_word' id='word_1_265' title='bbox 318 2413 457 2453; x_wconf 89' lang='lat' dir='ltr'>eciam</span> <span class='ocrx_word' id='word_1_266' title='bbox 485 2425 623 2464; x_wconf 89' lang='lat' dir='ltr'>supra</span> <span class='ocrx_word' id='word_1_267' title='bbox 645 2418 808 2452; x_wconf 87' lang='lat' dir='ltr'>cuncta</span> <span class='ocrx_word' id='word_1_268' title='bbox 834 2409 1082 2464; x_wconf 89' lang='lat' dir='ltr'>corporalis</span> <span class='ocrx_word' id='word_1_269' title='bbox 1104 2422 1156 2449; x_wconf 88' lang='lat' dir='ltr'>ac</span> <span class='ocrx_word' id='word_1_270' title='bbox 1181 2407 1390 2454; x_wconf 88' lang='lat' dir='ltr'>uisibilis‚</span> <span class='ocrx_word' id='word_1_271' title='bbox 1416 2407 1460 2446; x_wconf 90' lang='lat' dir='ltr'>in</span> <span class='ocrx_word' id='word_1_272' title='bbox 1483 2416 1680 2457; x_wconf 88' lang='lat' dir='ltr'>superna</span> 
     </span>
     <span class='ocr_line' id='line_1_35' title="bbox 158 2470 1680 2531; baseline -0.009 -11"><span class='ocrx_word' id='word_1_273' title='bbox 158 2479 421 2520; x_wconf 86' lang='lat' dir='ltr'>translatam</span> <span class='ocrx_word' id='word_1_274' title='bbox 442 2477 458 2499; x_wconf 78' lang='lat'>4</span> <span class='ocrx_word' id='word_1_275' title='bbox 477 2485 611 2531; x_wconf 90' lang='lat' dir='ltr'>atque</span> <span class='ocrx_word' id='word_1_276' title='bbox 634 2484 807 2529; x_wconf 87' lang='lat' dir='ltr'>raptam</span> <span class='ocrx_word' id='word_1_277' title='bbox 827 2475 949 2516; x_wconf 89' lang='lat' dir='ltr'>uidet</span> <span class='ocrx_word' id='word_1_278' title='bbox 970 2474 1010 2513; x_wconf 90' lang='lat'>:5</span> <span class='ocrx_word' id='word_1_279' title='bbox 1032 2488 1172 2528; x_wconf 90' lang='lat' dir='ltr'>prope</span> <span class='ocrx_word' id='word_1_280' title='bbox 1191 2482 1255 2514; x_wconf 92' lang='lat' dir='ltr'>est</span> <span class='ocrx_word' id='word_1_281' title='bbox 1274 2472 1371 2513; x_wconf 94' lang='lat' dir='ltr'>sine</span> <span class='ocrx_word' id='word_1_282' title='bbox 1392 2470 1548 2520; x_wconf 82' lang='lat' dir='ltr'>dubio,</span> <span class='ocrx_word' id='word_1_283' title='bbox 1572 2475 1620 2508; x_wconf 93' lang='lat' dir='ltr'>ut</span> <span class='ocrx_word' id='word_1_284' title='bbox 1640 2474 1680 2508; x_wconf 89' lang='lat' dir='ltr'>et</span> 
     </span>
     <span class='ocr_line' id='line_1_36' title="bbox 161 2534 1676 2591; baseline -0.009 -6"><span class='ocrx_word' id='word_1_285' title='bbox 161 2545 384 2586; x_wconf 89' lang='lat' dir='ltr'>feruorem</span> <span class='ocrx_word' id='word_1_286' title='bbox 430 2542 694 2583; x_wconf 92' lang='lat' dir='ltr'>dileccionis</span> <span class='ocrx_word' id='word_1_287' title='bbox 740 2541 784 2582; x_wconf 92' lang='lat' dir='ltr'>in</span> <span class='ocrx_word' id='word_1_288' title='bbox 825 2555 872 2582; x_wconf 88' lang='lat' dir='ltr'>se</span> <span class='ocrx_word' id='word_1_289' title='bbox 916 2540 1091 2580; x_wconf 87' lang='lat' dir='ltr'>realiter</span> <span class='ocrx_word' id='word_1_290' title='bbox 1135 2538 1353 2591; x_wconf 86' lang='lat' dir='ltr'>suscipiat</span> <span class='ocrx_word' id='word_1_291' title='bbox 1395 2544 1437 2577; x_wconf 90' lang='lat' dir='ltr'>et</span> <span class='ocrx_word' id='word_1_292' title='bbox 1482 2534 1676 2582; x_wconf 90' lang='lat' dir='ltr'>senciat;</span> 
     </span>
    </p>
   </div>
   <div class='ocr_carea' id='block_1_3' title="bbox 218 2640 1679 2734">
    <p class='ocr_par' dir='ltr' id='par_1_4' title="bbox 218 2640 1679 2734">
     <span class='ocr_line' id='line_1_37' title="bbox 220 2640 1540 2688; baseline -0.005 -9"><span class='ocrx_word' id='word_1_293' title='bbox 220 2651 247 2679; x_wconf 90' lang='lat'>1.</span> <span class='ocrx_word' id='word_1_294' title='bbox 276 2647 382 2680; x_wconf 70' lang='lat' dir='ltr'>Short,</span> <span class='ocrx_word' id='word_1_295' title='bbox 413 2648 510 2679; x_wconf 75' lang='lat' dir='ltr'>texts</span> <span class='ocrx_word' id='word_1_296' title='bbox 544 2645 641 2677; x_wconf 77' lang='lat' dir='ltr'>omit.</span> <span class='ocrx_word' id='word_1_297' title='bbox 742 2648 770 2677; x_wconf 88' lang='lat'>2.</span> <span class='ocrx_word' id='word_1_298' title='bbox 802 2646 849 2687; x_wconf 74' lang='lat' dir='ltr'>(q)</span> <span class='ocrx_word' id='word_1_299' title='bbox 884 2643 1113 2676; x_wconf 75' lang='lat' dir='ltr'>“dedicata.”</span> <span class='ocrx_word' id='word_1_300' title='bbox 1174 2643 1223 2684; x_wconf 74' lang='lat' dir='ltr'>(h)</span> <span class='ocrx_word' id='word_1_301' title='bbox 1264 2640 1500 2674; x_wconf 78' lang='lat' dir='ltr'>“deducata.&#39;&#39;</span> <span class='ocrx_word' id='word_1_302' title='bbox 1534 2682 1540 2688; x_wconf 39' lang='grc'><em>,</em></span> 
     </span>
     <span class='ocr_line' id='line_1_38' title="bbox 218 2682 1679 2734; baseline -0.009 -8"><span class='ocrx_word' id='word_1_303' title='bbox 218 2695 248 2726; x_wconf 88' lang='grc'>3.</span> <span class='ocrx_word' id='word_1_304' title='bbox 262 2692 309 2734; x_wconf 79' lang='lat'>(9)</span> <span class='ocrx_word' id='word_1_305' title='bbox 332 2691 380 2733; x_wconf 77' lang='lat' dir='ltr'>(h)</span> <span class='ocrx_word' id='word_1_306' title='bbox 404 2690 452 2731; x_wconf 77' lang='lat' dir='ltr'>(k)</span> <span class='ocrx_word' id='word_1_307' title='bbox 470 2688 673 2721; x_wconf 57' lang='lat' dir='ltr'>“scienters’</span> <span class='ocrx_word' id='word_1_308' title='bbox 741 2693 775 2721; x_wconf 81' lang='lat'>4.</span> <span class='ocrx_word' id='word_1_309' title='bbox 795 2689 842 2730; x_wconf 77' lang='lat'>(9)</span> <span class='ocrx_word' id='word_1_310' title='bbox 859 2685 1272 2719; x_wconf 54' lang='lat' dir='ltr'>“trmsubstanciatamss’</span> <span class='ocrx_word' id='word_1_311' title='bbox 1290 2687 1318 2719; x_wconf 88' lang='lat'>5.</span> <span class='ocrx_word' id='word_1_312' title='bbox 1352 2685 1399 2726; x_wconf 73' lang='lat'>(9)</span> <span class='ocrx_word' id='word_1_313' title='bbox 1422 2682 1679 2725; x_wconf 73' lang='lat' dir='ltr'>(k)“u1deret.”</span> 
     </span>
    </p>
   </div>
  </div>
 </body>
</html>
