1881 2985
513 176 831 212 PREACHING
873 176 986 209 AND
1029 175 1278 211 PRELACY
1593 185 1658 220 207

137 307 282 347 neque
318 292 710 346 contemplabatur
744 292 974 334 communi
1012 292 1151 332 modo
1187 305 1279 346 quo
1308 293 1451 333 sancti
1489 292 1533 332 in
1572 293 1656 335 hac

135 360 229 401 uita
256 359 634 412 contemplantur.
700 359 805 400 Non
831 359 951 400 enim
982 358 1181 413 indignit
1213 359 1415 400 laborare
1442 359 1656 413 quemad-

134 425 322 466 modum
357 438 440 466 nos
475 425 748 480 indigemus,
778 426 884 480 quia
915 439 941 465 a
974 425 1203 478 principio
1224 425 1545 476 concepcionis
1577 437 1657 466 sue

136 492 320 533 uidebat
349 492 516 532 Deum.
581 492 668 532 Per
696 506 864 546 magna
892 493 1106 533 nimirum
1132 491 1438 545 spiritualium
1468 504 1656 545 operum

137 559 262 599 uenit
321 559 365 598 in
425 573 509 600 nos
565 573 759 601 canorus
814 559 994 605 iubilus‚
1054 568 1095 600 et
1152 573 1315 600 sonum
1372 559 1660 612 suscepimus

137 626 463 667 suauissimum
512 639 535 667 e
587 626 707 676 celis,
755 639 807 667 ac
859 625 1074 678 deinceps
1126 625 1169 665 in
1220 624 1368 678 quiete
1422 624 1658 677 persistere

137 692 409 745 appetimus,
430 701 478 733 ut
500 693 596 747 iugi
619 693 842 735 suauitate
863 692 1160 747 gaudeamus.
1216 691 1308 746 Qui
1331 705 1441 746 ergo
1463 692 1658 732 actiuam

130 759 271 799 uitam
325 759 534 800 nobiliter
588 760 889 809 administrat,
947 760 1004 800 ad
1058 758 1460 812 contemplatiuam
1518 758 1658 798 uitam

137 827 378 868 ascendere
399 835 596 869 conetur.
660 827 750 882 Qui
772 841 878 868 uero
899 828 1020 868 dono
1041 840 1235 881 superne
1255 825 1663 880 contemplacionis
1681 829 1704 861 f.
1726 828 1790 861 81b

138 893 340 949 predicto
367 894 505 935 modo
533 894 819 945 sublimatur,
851 895 908 935 ad
937 895 1133 935 actiuam
1165 908 1256 935 non
1286 894 1543 942 descendat,
1573 892 1658 933 nisi

139 960 253 1001 forte
301 961 600 1014 compellatur
649 961 850 1015 regimen
881 962 1082 1014 accipere
1111 961 1492 1002 christianorum:
1537 959 1660 1015 quod

140 1034 290 1068 tamen
323 1041 423 1068 raro
449 1028 522 1068 uel
556 1041 805 1082 numquam
838 1029 1000 1069 estimo
1031 1028 1293 1082 contigisse.
1385 1028 1477 1069 Alii
1509 1034 1660 1068 autem

140 1094 481 1148 contemplatiui
505 1096 618 1136 bene
638 1102 830 1148 possunt
851 1096 909 1136 ad
932 1095 1017 1136 hoc
1038 1095 1159 1149 eligi,
1183 1096 1289 1149 quia
1313 1096 1466 1136 minus
1485 1095 1661 1135 feruore

139 1162 307 1202 amoris
344 1170 450 1203 sunt
482 1162 655 1202 imbuti.
719 1161 923 1203 Minores
956 1176 1152 1216 namque
1187 1163 1330 1204 sancti
1367 1163 1425 1203 ad
1462 1163 1660 1203 officium

141 1228 413 1282 prelacionis
437 1229 711 1283 quandoque
738 1238 843 1270 sunt
870 1229 1018 1283 magis
1043 1230 1137 1282 apti
1162 1243 1298 1284 quam
1326 1231 1530 1278 maiores,
1556 1230 1663 1284 quia

141 1295 257 1336 circa
281 1296 500 1336 exteriora
522 1297 856 1350 congruencius
879 1310 925 1337 se
948 1297 1180 1338 habebunt
1204 1298 1280 1351 qui
1304 1297 1348 1336 in
1373 1296 1663 1337 interioribus

141 1362 377 1403 desideriis
412 1363 662 1416 perfeccius
700 1363 927 1418 quiescere
964 1377 1053 1404 non
1088 1370 1349 1417 potuerunt.

803 1519 915 1562 CAP.
938 1533 1002 1560 22.

143 1617 299 1673 (Quod
339 1619 598 1660 incendium
639 1620 808 1661 amoris
849 1620 966 1661 uicia
1002 1628 1043 1660 et
1084 1628 1266 1673 peccata
1304 1627 1486 1674 purgat,
1529 1628 1571 1660 et
1610 1619 1664 1661 de

623 1687 772 1740 signis
806 1700 909 1727 uere
942 1687 1178 1739 amicicie.)

202 1774 468 1816 Incendium
487 1775 655 1817 amoris
675 1776 719 1816 in
740 1776 939 1817 animam
961 1777 1178 1817 ueraciter
1196 1784 1482 1829 assumptum
1504 1782 1665 1818 cuncta

143 1842 263 1883 uicia
282 1850 519 1896 expurgat,
536 1843 813 1883 diminutum
835 1850 876 1884 et
896 1843 1178 1897 superfluum
1199 1851 1400 1891 euacuat,
1423 1851 1464 1884 et
1483 1857 1589 1884 omn
1605 1858 1664 1884 tm

144 1910 363 1950 uirtutum
385 1910 590 1950 decorem
612 1909 800 1963 plantat.
865 1908 984 1950 Cum
1007 1910 1183 1950 mortali
1207 1916 1390 1964 peccato
1414 1921 1663 1961 numquam

144 1982 243 2024 stat,
276 1977 357 2016 etsi
385 1990 487 2017 curn
521 1977 706 2018 ueniali.
769 1976 860 2018 Sed
892 1984 1042 2016 tamen
1075 1984 1166 2017 tam
1199 1976 1366 2017 ardens
1394 1983 1540 2030 potest
1568 1987 1664 2015 esse

146 2050 297 2085 motus
336 2050 377 2083 et
418 2043 607 2085 affectus
640 2044 808 2085 amoris
850 2043 893 2083 in
940 2044 1104 2093 Deum,
1151 2044 1272 2097 quod
1312 2043 1453 2084 eciam
1511 2042 1665 2083 omnia

145 2109 341 2150 uenialia
378 2112 616 2159 consumit,
654 2111 794 2152 eciam
831 2111 928 2153 sine
964 2111 1128 2152 actuali
1164 2111 1446 2164 cogitacione
1484 2110 1663 2150 illorum

146 2176 407 2225 uenialium,
439 2177 546 2231 quia
573 2178 681 2218 dum
711 2192 845 2219 uerus
873 2186 1048 2219 amator
1074 2179 1118 2218 in
1152 2179 1300 2219 Deum
1332 2178 1588 2219 uehementi
1613 2189 1664 2216 ac

147 2243 339 2284 feruenti
376 2244 602 2285 desiderio
640 2244 791 2296 fertur,
830 2245 985 2285 omnia
1023 2245 1265 2298 displicent
1303 2245 1356 2292 ei,
1391 2258 1477 2299 que
1515 2259 1540 2284 a
1579 2243 1663 2284 Dei

149 2310 323 2351 uisione
354 2311 590 2351 retardant.
655 2312 778 2352 Dum
807 2312 926 2353 enim
956 2312 1000 2351 in
1027 2325 1193 2352 canoro
1219 2311 1362 2352 iubilo
1390 2311 1561 2357 letatur,
1590 2322 1667 2351 cor

148 2377 244 2418 eius
270 2378 519 2430 exprimere
550 2391 639 2418 non
670 2378 788 2419 ualet
818 2378 940 2432 quod
984 2378 1149 2418 celicus
1189 2378 1415 2431 degustat,
1462 2375 1582 2417 unde
1624 2382 1667 2415 et

147 2444 318 2484 amorel
346 2444 545 2498 languet.

208 2511 399 2551 Perfecti
421 2525 616 2565 namque
637 2512 722 2552 uiri
745 2525 993 2566 numquam
1016 2519 1196 2565 portant
1217 2525 1369 2552 secum
1390 2511 1447 2551 ad
1469 2511 1666 2550 futuram

149 2579 290 2618 uitam
315 2578 585 2626 cremabilia,
616 2578 722 2632 quia
747 2579 900 2619 omnia
926 2586 1108 2631 peccata
1135 2592 1217 2618 sua
1242 2579 1285 2618 in
1314 2578 1473 2618 ardore
1499 2575 1668 2617 amoris

152 2644 322 2686 Christi
353 2651 696 2685 consumuntur.
762 2644 852 2685 Sed
885 2658 939 2684 ne
967 2645 1069 2698 quis
1094 2645 1260 2685 frustra
1289 2644 1464 2685 estimet
1492 2657 1539 2684 se
1570 2655 1666 2695 per-

201 2734 228 2763 1.
259 2732 307 2773 (9)
330 2732 347 2745 “
363 2730 501 2762 auide.''
