1757 2990
121 179 187 224 138
580 180 823 218 INTEGRE
855 180 1187 217 DEUOCIONIS

116 295 220 337 aliis
241 296 431 351 collegis
454 297 621 338 nostris
641 296 958 349 infrascriptis,
972 309 1075 337 curn
1096 295 1172 336 illa
1190 295 1395 338 clausula
1416 297 1647 351 quatinus,

117 377 204 406 uos
219 364 292 405 uel
311 365 403 406 duo
422 373 501 406 aut
520 378 642 406 unus
661 373 863 406 uestrum
883 364 1119 414 etc‚asede
1138 363 1651 417 apostolicaspecialiter

116 433 377 487 deputatus,
426 434 634 485 salutem,
664 434 865 489 graciam
910 440 951 473 et
993 433 1379 484 benediccionem,
1427 441 1469 474 et
1513 432 1650 474 fidem

118 502 356 543 indubiam
377 503 432 544 de
451 503 721 556 subscriptis
737 502 969 543 adhibere.
1007 501 1301 544 Uniuersatis
1319 508 1467 543 uestre
1487 500 1651 543 noticie

115 568 386 612 deducimus
415 584 496 625 per
523 578 771 625 presentes,
804 571 927 626 quod
957 583 1040 623 pro
1070 577 1196 624 parte
1222 570 1452 612 abbatisse
1479 579 1521 612 et
1545 583 1650 612 con-

117 647 281 681 uentus
306 640 569 681 monasterii
594 640 649 680 de
676 639 803 687 Sion,
827 639 1005 681 ordinis
1026 639 1171 680 sancti
1197 638 1452 682 Saluatoris
1474 652 1649 680 nuncu-

116 708 222 761 pati,
247 714 397 748 nostre
422 707 762 748 Londoniensis
781 707 988 754 diocesis,
1012 706 1208 761 quedam
1235 707 1378 747 littere
1400 706 1650 760 apostolice

114 775 390 816 sanctissimi
438 775 483 814 in
528 773 715 815 Christo
765 774 906 827 patris
954 780 996 814 et
1045 774 1235 821 domini,
1287 775 1427 816 nostri
1472 773 1649 815 domini

118 841 321 892 Martini,
336 842 494 882 diuina
515 841 813 895 prouidencia
832 841 957 894 Pape
979 840 1141 896 quinti,
1157 854 1280 882 more
1301 841 1511 883 Romane
1529 841 1651 884 curie

116 910 300 962 bullate,
335 924 528 965 quarum
556 919 685 951 tenor
709 910 1058 961 infrascribitur,
1087 910 1271 950 fuerunt
1297 916 1339 950 et
1367 918 1474 951 sunt
1497 922 1649 952 coram

116 980 251 1020 nobis
293 979 562 1021 iudicialiter
603 979 815 1026 exhibite,
858 986 899 1019 et
942 978 1076 1019 nobis
1112 991 1197 1032 pro
1234 985 1360 1032 parte
1401 977 1649 1019 eorundem

115 1047 346 1088 abbatisse
378 1054 419 1087 et
456 1054 710 1088 conuentus
745 1046 853 1087 dicti
891 1045 1154 1087 monasterii
1189 1046 1245 1087 de
1281 1045 1394 1087 Sion
1433 1046 1651 1086 instanter

115 1116 260 1156 extitit
285 1115 610 1168 supplicatum,

174 1191 223 1225 ut
288 1198 390 1226 cum
458 1184 566 1225 dicti
621 1184 853 1225 abbatissa
920 1191 962 1224 et
1023 1190 1281 1225 conuentus
1351 1183 1397 1222 in
1457 1181 1653 1224 diuersis

117 1253 277 1294 mundi
338 1253 548 1307 partibus
610 1266 700 1293 non
763 1253 939 1293 modice
1000 1254 1057 1295 ab
1119 1252 1315 1293 inuicem
1373 1251 1653 1293 distantibus

115 1322 261 1363 dictas
297 1321 469 1362 litteras
503 1321 792 1374 apostolicas,
832 1334 946 1375 quas
987 1334 1077 1361 non
1118 1320 1299 1369 habent,
1337 1328 1385 1362 ut
1421 1320 1651 1367 asseritur,

115 1389 419 1443 dupplicatas,
434 1396 693 1442 presentare
713 1396 755 1429 et
773 1388 1000 1438 exhibere,
1014 1387 1220 1438 eteisuti,
1234 1400 1415 1429 necesse
1437 1387 1649 1438 habeant,

114 1465 394 1512 possentque
419 1457 684 1499 huiusmodi
713 1458 856 1498 littere
881 1457 1130 1510 apostolice
1156 1456 1405 1511 originales
1432 1456 1541 1497 dum
1569 1468 1653 1510 pro

116 1525 295 1566 illarum
322 1525 677 1579 presentacione,
704 1524 991 1565 exhibicione
1020 1532 1062 1565 et
1092 1537 1176 1566 usu
1208 1524 1473 1565 huiusmodi
1502 1529 1651 1577 porta-

117 1599 482 1645 rentur‚propter
501 1600 542 1632 et
563 1605 644 1646 per
663 1592 841 1632 uiarum
862 1592 1128 1632 discrimina
1148 1591 1377 1644 marisque
1399 1588 1652 1645 periculum

117 1669 159 1702 et
180 1661 297 1703 alios
317 1661 527 1702 diuersos
551 1675 683 1702 casus
708 1668 749 1702 et
772 1661 1006 1711 aduersos,
1036 1660 1113 1715 qui
1139 1660 1398 1714 frequenter
1421 1659 1648 1710 accidunt,

117 1730 422 1772 uerisimiliter
437 1730 867 1784 deperire‚dictique
889 1729 1122 1770 abbatissa
1146 1739 1187 1770 et
1211 1736 1465 1769 conuentus
1488 1726 1652 1782 prefati

119 1797 382 1839 monasterii
406 1798 461 1839 de
484 1797 614 1848 Sion,
640 1804 824 1851 propter
848 1797 1111 1837 huiusmodi
1140 1796 1388 1837 litterarum
1411 1795 1652 1849 apostolic-

115 1880 244 1907 arum
268 1866 497 1907 difficilem
520 1874 598 1907 aut
621 1865 773 1906 forsan
802 1865 1132 1918 impossibilem
1156 1864 1490 1905 exhibicionem
1513 1862 1652 1905 simul

116 1941 158 1974 et
182 1934 321 1975 semel
346 1934 391 1973 in
415 1933 609 1974 diuersis
636 1933 795 1974 mundi
822 1933 1030 1986 partibus
1053 1933 1110 1973 ab
1138 1932 1333 1973 inuicem
1360 1931 1652 1978 distantibus,

119 2008 168 2041 ut
195 2001 432 2055 prefertur,
464 2001 735 2051 faciendam,
764 2013 905 2055 graue
932 2000 1185 2053 dampnum
1214 2000 1439 2040 incurrere
1468 2006 1656 2053 possent

119 2076 161 2111 et
184 2071 418 2121 iacturam,
449 2077 674 2124 quatenus
700 2069 963 2110 huiusmodi
991 2069 1159 2109 litteras
1182 2068 1459 2121 apostolicas
1482 2066 1655 2121 origin-

119 2138 216 2180 ales
246 2138 448 2192 palpare,
486 2138 709 2191 inspicere
739 2145 780 2178 et
809 2137 1052 2192 diligenter
1085 2138 1344 2178 examinare
1374 2147 1652 2186 curaremus,

121 2214 163 2248 et
192 2207 230 2248 si
263 2207 387 2260 ipsas
422 2207 592 2248 litteras
627 2206 903 2262 apostolicas
937 2205 1001 2247 sic
1038 2206 1266 2259 inspectas
1296 2213 1337 2246 et
1373 2205 1657 2246 examinatas

123 2276 436 2316 inueniremus
460 2289 551 2316 non
577 2275 786 2325 abolitas,
816 2288 907 2315 non
932 2274 1218 2325 cancellatas,
1249 2287 1330 2314 nec
1357 2274 1401 2314 in
1424 2272 1659 2328 aliquibus

120 2357 275 2386 earum
308 2344 518 2398 partibus
550 2353 798 2397 suspectas,
832 2343 1096 2384 auctoritate
1130 2350 1283 2383 nostra
1317 2356 1397 2396 per
1428 2342 1654 2383 notarium

119 2412 356 2465 publicum
383 2411 691 2464 subscriptum
717 2410 953 2458 transumi,
980 2409 1241 2463 exemplari,
1266 2409 1584 2463 subscribique
1611 2414 1656 2448 et

122 2479 167 2519 in
191 2479 423 2533 publicam
449 2478 643 2519 formam
667 2478 828 2532 redigi,
856 2477 1072 2518 mandare
1097 2487 1138 2517 et
1163 2476 1307 2518 facere
1330 2477 1653 2531 dignaremur;

122 2555 171 2588 ut
210 2547 473 2588 huiusmodi
519 2554 810 2600 transumpto
852 2545 984 2587 sicuti
1032 2546 1148 2598 ipsis
1191 2545 1352 2588 litteris
1387 2543 1656 2598 apostolicis

121 2615 428 2669 originalibus
474 2614 589 2657 fides
636 2615 825 2656 indubia
876 2613 1138 2655 adhibenda
1174 2613 1342 2665 ualent,
1383 2612 1574 2655 ubilibet
1609 2613 1656 2653 in

118 2685 304 2739 agendo
329 2684 531 2737 ipsarum
556 2697 664 2725 uero
687 2684 934 2725 litterarum
960 2682 1313 2735 apostolicarum
1338 2690 1460 2723 totus
1482 2689 1524 2722 et
1547 2693 1657 2723 uero

119 2759 247 2793 tenor
275 2752 492 2806 sequitur,
523 2758 565 2791 et
593 2760 659 2792 est
689 2750 807 2792 talis.
