1881 2985
238 208 304 252 164
748 210 917 245 FAITH
958 211 1072 245 AND
1115 211 1260 248 LOVE

236 325 340 367 fine.
397 324 618 381 [Quippe
653 327 731 382 qui
768 327 962 368 multum
996 334 1119 367 amat
1153 340 1352 382 magnus
1385 334 1464 376 est,
1501 329 1579 384 qui
1614 329 1769 370 minus

233 400 356 434 amat
391 394 543 436 minus
581 401 671 444 est3
724 394 830 448 quia
867 393 1119 435 secundum
1164 394 1531 448 magnitudinem
1567 395 1768 437 caritatis

235 474 373 516 quam
397 461 442 501 in
468 461 601 502 nobis
625 460 846 501 habemus
870 473 1022 502 coram
1050 460 1151 501 Deo
1172 461 1506 515 appreciamur.
1570 461 1675 503 Non
1700 468 1766 502 est

233 528 299 569 sic
342 542 491 570 coram
536 528 814 575 hominibus,
857 527 936 569 sed
982 527 1059 582 qui
1105 527 1258 581 plures
1316 527 1451 570 habet
1489 529 1683 571 diuicias
1723 535 1766 569 et

232 595 549 647 possessiones
588 595 739 649 magis
776 594 1055 648 ponderatur
1090 601 1133 635 et
1174 595 1388 649 precipue
1425 596 1619 643 timetur,
1660 610 1764 638 curn

234 675 325 703 non
351 663 415 704 sic
441 662 636 703 debeant
662 663 819 709 facere,
845 662 924 703 sed
950 676 1130 716 semper
1155 676 1270 716 quos
1292 663 1562 704 scienciores
1586 662 1765 704 estima-

233 729 392 781 uerint‚
429 729 652 770 honorare
685 743 737 771 ac
766 729 1026 770 formidare.
1093 729 1309 771 Potentes
1341 730 1461 770 enim
1493 730 1633 771 seculi
1672 741 1763 769 non

231 802 425 848 possunt
453 796 697 850 quicquam
729 809 874 850 egere,
904 796 991 837 nisi
1019 809 1208 850 corpore
1237 804 1315 838 aut
1344 797 1480 838 bonis
1504 797 1764 850 temporali-

228 863 331 904 bus.
394 862 550 904 Sancti
576 877 682 904 uero
704 864 921 904 maiorem
946 863 1204 904 sorciuntur
1225 863 1558 904 excellenciam.
1611 862 1766 904 Habe-

231 932 345 973 bunt
378 931 498 972 enim
534 938 802 985 potestatem
833 932 1042 974 claudere
1071 932 1217 973 celum
1246 932 1336 974 hiis
1368 933 1445 987 qui
1477 946 1525 974 se
1551 932 1762 986 angaria-

231 1005 393 1039 uerunt
423 1005 463 1039 et
494 999 550 1039 de
579 999 664 1041 hoc
692 999 892 1053 penitere
925 999 1181 1047 noluerunt,
1208 1006 1250 1040 et
1281 1000 1455 1052 aperire
1486 999 1575 1041 hiis
1606 1000 1683 1054 qui
1715 1012 1764 1040 se

122 1079 147 1112 f.
167 1080 208 1115 27
231 1066 276 1106 in
318 1066 419 1106 Deo
471 1065 812 1107 honorauerunt
864 1073 905 1106 et
959 1072 1331 1107 sustentauerunt
1384 1065 1428 1106 in
1476 1065 1562 1106 hoc
1613 1063 1764 1113 exilio,

227 1132 482 1174 dummodo·
533 1133 800 1174 infortunati
854 1133 1021 1174 fuerint
1074 1146 1154 1186 per
1204 1134 1434 1175 caritatem
1485 1140 1527 1174 et
1577 1145 1760 1174 omnem

228 1199 411 1239 inanem
457 1200 651 1254 gloriam
697 1213 787 1240 non
836 1201 1097 1253 receperint.
1186 1200 1386 1255 Ideoque
1428 1200 1487 1240 ad
1530 1202 1760 1242 caritatem

227 1267 573 1321 adquirendam,
602 1267 859 1308 habendam
892 1274 933 1308 et
962 1267 1257 1315 retinendam,
1286 1274 1379 1308 tota
1404 1267 1569 1309 uirtute
1599 1280 1681 1308 sua
1709 1278 1762 1306 ac

226 1334 442 1375 omnibus
472 1334 647 1375 uiribus
679 1335 777 1375 suis
810 1334 1013 1376 laborare
1045 1334 1273 1383 deberent,
1307 1342 1354 1376 ut
1388 1335 1433 1374 in
1466 1334 1539 1375 die
1569 1340 1759 1387 tempta-

225 1400 373 1442 cionis
396 1400 585 1442 uiriliter
611 1408 727 1442 stare
755 1402 931 1455 possint
958 1409 1113 1443 contra
1138 1402 1425 1443 aduersarios
1449 1416 1570 1452 suos,
1592 1410 1632 1443 et
1657 1414 1760 1442 cum

225 1468 402 1521 probati
446 1468 613 1509 fuerint
652 1469 876 1521 accipient
917 1482 1131 1509 coronam
1174 1469 1301 1511 uite.1
1379 1468 1610 1510 Perfectos
1652 1482 1759 1510 uero

226 1537 332 1578 facit
357 1536 586 1590 caritas‚2‘]
604 1544 644 1577 et
673 1536 757 1577 soli
787 1536 981 1590 perfecte
1008 1542 1213 1576 amantes
1255 1536 1313 1577 ad
1340 1536 1642 1577 altidudinem
1669 1536 1760 1577 uite

224 1604 577 1657 contemplatiue
606 1604 848 1644 ascendere
875 1604 1118 1644 donantur.
1195 1603 1283 1657 [Et
1316 1603 1502 1657 quidam
1535 1616 1762 1658 pauperes

226 1671 439 1725 quamuis
468 1671 678 1725 squalore
707 1678 747 1712 et
776 1671 1094 1712 immunditate
1123 1670 1214 1711 sint
1242 1671 1456 1723 cooperti,
1489 1684 1579 1711 non
1606 1678 1757 1711 tamen

226 1738 392 1779 debent
417 1738 694 1792 contempni,
723 1738 829 1792 quia
854 1744 961 1779 sunt
986 1737 1119 1777 amici
1150 1737 1235 1777 Dei
1259 1745 1300 1777 et
1324 1737 1484 1779 fratres
1509 1737 1694 1786 Christi,
1721 1738 1758 1779 si

226 1819 327 1847 cum
369 1806 625 1860 graciarum
669 1806 853 1846 accione
895 1818 1012 1846 onus
1061 1804 1207 1844 ferant
1253 1805 1548 1858 paupertatis.
1628 1805 1759 1860 Quos

225 1873 346 1913 enim
387 1873 585 1913 exterius
621 1873 859 1926 despectos
893 1872 1088 1919 cernitis,
1128 1872 1307 1911 interius
1373 1887 1597 1927 supernos
1637 1874 1762 1915 ciues

226 1940 471 1987 honoretis,
519 1946 561 1980 et
603 1946 728 1980 tanto
770 1939 828 1979 ad
877 1939 1095 1979 honorem
1144 1939 1324 1980 illorum
1372 1947 1557 1993 propter
1606 1940 1755 1981 Deum

225 2006 491 2048 succrescite
525 2013 697 2060 quanto
730 2006 953 2047 secrecius
985 2013 1199 2058 operatur
1230 2006 1274 2045 in
1307 2007 1539 2047 maiestate
1568 2007 1645 2061 qui
1679 2020 1759 2047 eos

224 2074 466 2115 consoleris
487 2074 550 2114 ait
572 2073 703 2115 Beati
723 2079 946 2128 pauperes
970 2073 1074 2127 quia
1095 2077 1299 2114 uestrum
1324 2079 1388 2114 est
1410 2087 1606 2127 regnum
1628 2073 1756 2116 Dei.3

226 2140 401 2195 Magna
428 2141 548 2181 enim
572 2140 814 2181 tribulacio
834 2147 875 2180 et
901 2139 1056 2193 inopia
1082 2153 1195 2194 quas
1215 2140 1458 2193 paciuntur
1483 2140 1527 2180 in
1553 2139 1637 2182 hac
1664 2140 1757 2181 uita

225 2216 332 2250 sunt
362 2214 719 2262 purgamentum
749 2213 1037 2261 peccatorum
1071 2219 1272 2253 suorum,
1307 2206 1413 2260 quia
1441 2206 1551 2246 dum
1584 2217 1760 2260 pauper

225 2276 270 2315 in
306 2288 505 2328 corpore,
544 2274 676 2323 fame,
715 2274 802 2322 siti,
844 2274 1012 2328 frigore
1051 2286 1102 2314 ac
1138 2272 1340 2313 nuditate
1376 2273 1568 2327 aliisque
1600 2272 1755 2313 huius-

225 2342 384 2382 mundi
427 2342 664 2396 angusciis
705 2341 938 2396 affligitur:
987 2341 1031 2380 in
1071 2340 1225 2379 anima
1267 2340 1325 2381 ab
1372 2340 1669 2381 immundicia
1714 2346 1756 2379 et

224 2409 415 2450 terrenis
436 2409 649 2450 sordibus
672 2408 896 2462 expiatur.
963 2407 1018 2447 Et
1041 2413 1156 2449 certe
1179 2420 1233 2447 eo
1250 2406 1509 2447 suauiorem
1534 2406 1579 2446 in
1602 2406 1757 2447 futuro

226 2477 426 2531 requiem
453 2475 703 2516 eternitatis
727 2488 951 2529 pauperes
975 2474 1212 2515 senciunt:
1246 2487 1337 2528 quo
1360 2474 1405 2513 in
1432 2473 1517 2514 hoc
1542 2471 1756 2527 presenti,

225 2545 404 2585 labores
430 2543 731 2598 grauissimos
755 2542 1092 2583 tollerauerunt.
1160 2540 1330 2582 Eorum
1353 2541 1435 2581 erit
1461 2539 1607 2580 dicere
1634 2537 1755 2580 letati

285 2635 312 2664 l.
341 2631 394 2664 Cf.
412 2631 496 2664 Jac.
514 2633 542 2669 l,
564 2632 613 2662 12.
676 2631 706 2662 2.
735 2630 811 2662 The
827 2629 997 2672 compiler
1012 2628 1049 2660 of
1065 2628 1127 2660 the
1143 2628 1244 2660 short
1260 2630 1341 2660 text
1357 2638 1470 2660 seems
1492 2630 1530 2659 to
1555 2626 1646 2659 have
1669 2626 1759 2659 been

224 2675 351 2708 struck
368 2674 415 2717 by
432 2674 505 2706 this
521 2678 700 2712 sentence,
719 2673 930 2715 containing
946 2672 1008 2705 the
1024 2671 1139 2704 words
1165 2674 1186 2688 ‘⁶
1197 2671 1432 2704 altitudinem
1449 2670 1526 2703 uite
1542 2669 1760 2712 contempla-

224 2719 337 2757 tiue‚”
354 2717 421 2750 but
436 2717 525 2750 then
541 2719 580 2749 to
596 2716 687 2749 have
703 2727 786 2749 seen
803 2716 886 2749 that
902 2715 1005 2748 Rolle
1022 2726 1095 2747 was
1111 2717 1175 2747 not
1190 2714 1375 2756 following
1391 2725 1439 2756 up
1459 2713 1532 2746 this
1554 2713 1646 2752 idea,
1672 2712 1757 2751 and,

225 2760 496 2804 consequently,
516 2764 554 2793 to
570 2759 662 2792 have
678 2759 832 2792 omitted
849 2764 887 2792 to
903 2770 993 2801 copy
1009 2758 1072 2791 the
1084 2758 1286 2801 remaining
1300 2767 1463 2800 passage.
1501 2758 1529 2790 3.
1554 2756 1640 2788 Luc.
1660 2758 1689 2798 6,
1705 2757 1758 2789 20.
