1881 2985
435 177 578 215 LOVE
611 178 658 213 IS
691 179 726 212 A
759 178 1114 220 QUENCHLESS
1148 179 1334 217 FLAME
1582 184 1648 227 269

115 305 170 333 ex
198 306 245 333 se
276 293 660 345 pulchritudinem
690 301 731 334 et
758 294 1021 344 bonitatem,
1057 295 1196 335 immo
1225 295 1323 348 ipsa
1353 297 1645 349 pulchritudo

124 367 165 401 et
198 361 379 402 bonitas
409 368 488 402 est.
551 360 656 401 Alia
687 374 955 415 quecunque
986 374 1075 402 non
1111 362 1197 402 nisi
1230 363 1286 403 ab
1323 363 1424 415 ipso
1456 363 1647 416 pulchra

123 432 164 465 et
185 425 305 466 bona
331 433 449 475 sunt,
475 433 517 466 et
543 433 716 480 quanto
739 426 778 466 ei
808 426 955 480 magis
980 426 1368 480 appropinquant,
1392 434 1519 467 tanto
1540 433 1646 467 sunt

124 490 383 543 pulchriora
423 499 465 531 et
506 491 703 532 meliora.
768 491 1098 532 Decentissime
1140 492 1279 546 igitur
1320 492 1416 544 ipse
1455 499 1646 539 amatur,

125 557 201 611 qui
241 558 396 597 omnia
434 558 478 597 in
511 572 559 599 se
592 559 791 599 continet
829 572 915 612 que
955 558 1182 613 querende
1215 566 1321 600 sunt
1353 560 1410 600 ab
1448 566 1643 609 amante,

124 624 245 664 unde
276 638 330 664 ex
363 631 489 678 parte
520 625 619 666 eius
647 625 760 665 nihil
792 625 973 666 retrahit
1009 626 1119 680 quin
1153 625 1469 666 ardentissime
1503 626 1648 679 possit

122 691 282 731 amari.
345 690 395 731 Si
438 691 559 732 enim
601 692 726 732 aliud
769 705 997 742 amauero‚
1044 692 1218 733 mordet
1257 706 1326 733 me
1364 692 1648 734 consciencia

125 770 223 797 mea
249 758 371 812 quod
396 771 487 798 non
513 765 627 799 recte
648 772 765 806 amo,
790 759 927 799 timeo
953 772 1008 799 ne
1035 759 1078 800 id
1105 759 1227 813 quod
1246 773 1350 800 amo
1377 773 1467 800 non
1493 760 1554 800 ita
1577 772 1648 800 me

125 832 303 872 reamet,
335 832 376 865 et
407 825 444 866 si
472 825 527 866 de
556 825 640 866 hoc
673 839 762 866 non
796 826 1013 875 timerem,
1045 834 1195 867 tamen
1227 826 1377 868 adhuc
1409 827 1648 868 concucior

123 905 207 945 pro
232 899 373 933 morte
399 906 486 947 que
508 892 624 933 male
649 900 854 934 amantes
881 900 1072 945 separat,
1100 900 1142 933 et
1168 900 1374 934 cunctam
1401 894 1646 934 uanitatem
1668 899 1689 933 f.
1708 902 1749 933 58

124 971 253 999 suam
285 958 506 998 deuastat.
601 958 793 1011 Insuper
824 972 930 1012 sepe
962 967 1203 1015 occurrunt
1235 959 1324 1000 alia
1350 959 1648 999 aduersancia

124 1036 211 1076 que
243 1023 528 1063 serenitatem
561 1023 924 1078 suauitatemque
954 1023 1213 1064 amancium
1242 1024 1538 1077 conturbant;
1568 1024 1648 1066 sed

125 1088 202 1142 qui
226 1087 375 1129 Deum
396 1089 613 1129 ueraciter
630 1096 670 1129 et
690 1096 785 1129 toto
803 1089 936 1129 corde
956 1089 1131 1143 deligit,
1156 1096 1281 1130 tanto
1299 1089 1343 1129 in
1364 1088 1649 1131 consciencia

125 1154 281 1208 purior
315 1154 479 1204 existit,
535 1162 706 1208 quanto
756 1155 800 1195 in
852 1155 1011 1196 diuino
1060 1169 1212 1195 amore
1259 1155 1568 1196 ardenciorem
1601 1168 1648 1196 se

125 1221 359 1274 cognouit.
391 1239 395 1249 2
424 1220 561 1261 Unde
580 1228 621 1261 et
641 1221 1006 1262 amantissimum
1030 1228 1229 1261 amatum
1252 1235 1385 1262 suum
1407 1220 1648 1274 experitur,

125 1301 151 1327 a
177 1288 307 1328 cuius
337 1287 576 1328 dulcedine
610 1301 731 1328 mors
764 1301 855 1328 non
887 1296 1111 1342 segregat,
1142 1289 1283 1329 immo
1312 1296 1420 1329 tunc
1453 1288 1649 1342 perfecte

126 1353 339 1394 dilectum
372 1353 558 1401 inuenit,
606 1354 789 1408 quando
835 1355 892 1395 ab
944 1354 1028 1395 hoc
1076 1354 1250 1394 mundo
1297 1355 1470 1402 transit,
1518 1354 1649 1408 eique

126 1420 414 1460 ueracissime
446 1420 722 1473 coniugstur,
760 1427 807 1460 ut
836 1421 892 1461 ab
925 1433 977 1460 eo
1010 1420 1225 1473 deinceps
1261 1434 1495 1474 nunquam
1527 1420 1649 1461 elon-

127 1492 270 1539 getur,
291 1485 369 1526 sed
389 1486 434 1525 in
454 1485 692 1537 amplexus
712 1486 1031 1527 amenissimos
1052 1494 1198 1527 currat
1217 1485 1413 1536 assidue,
1434 1494 1476 1526 et
1498 1487 1648 1539 ipsum

127 1565 260 1605 quem
290 1552 473 1602 amauit,
505 1565 639 1606 quem
670 1553 944 1605 concupiuit,
974 1553 1212 1593 manifeste
1239 1553 1401 1593 uidens
1431 1552 1650 1606 glorietur

125 1619 223 1659 sine
283 1618 387 1658 fine.
481 1618 619 1659 Hunc
677 1619 827 1673 itaque
886 1632 1085 1659 amorem
1149 1619 1246 1674 igni
1309 1618 1648 1673 inextinguibili

125 1685 341 1733 assimilo,
376 1699 510 1740 quem
544 1686 670 1726 nulla
703 1686 773 1727 uis
798 1686 988 1727 aduerse
1022 1687 1260 1740 potestatis
1292 1686 1441 1737 deicit,
1479 1685 1650 1727 nullius

127 1754 426 1795 blandimenti
465 1754 684 1796 mollicies
722 1754 937 1795 deuincit.
1004 1754 1093 1796 Hic
1129 1768 1257 1795 amor
1292 1762 1459 1809 purgat
1501 1768 1583 1795 nos
1623 1768 1650 1794 a

127 1821 323 1873 peccatis
360 1821 538 1868 nostris,
577 1827 619 1861 et
658 1821 702 1860 in
743 1821 964 1862 immenso
997 1822 1157 1862 ardore
1194 1822 1348 1862 omnia
1387 1823 1533 1862 exurit
1570 1822 1648 1862 ob—

126 1887 298 1929 stacula
331 1901 418 1942 que
464 1887 734 1941 impedirent
777 1888 835 1929 ad
881 1888 1144 1936 amandum,
1188 1896 1323 1942 atque
1373 1889 1416 1929 in
1453 1889 1649 1930 flammis

127 1954 447 1996 feruidissimis
483 1955 639 1995 diuine
671 1955 934 1996 dileccionis
971 1955 1182 1997 clariores
1223 1970 1306 1997 nos
1344 1956 1488 1996 reddit
1524 1969 1647 2003 auro,

126 2021 311 2074 soleque
352 2021 610 2062 lucidiores.
673 2021 818 2062 Amor
871 2022 952 2063 iste
1004 2022 1276 2063 medicinam
1333 2023 1464 2064 nobis
1495 2022 1649 2063 afferet

125 2087 421 2140 spiritualem,
474 2101 554 2129 nec
605 2088 779 2143 aliquid
826 2089 988 2130 estimo
1039 2102 1136 2130 esse
1190 2090 1305 2130 inter
1355 2090 1509 2130 omnia
1562 2103 1648 2143 que

127 2154 380 2194 enumerari
421 2162 614 2207 possunt
651 2168 677 2195 a
721 2155 904 2203 clericis,
945 2156 1067 2209 quod
1112 2169 1194 2197 nos
1236 2157 1296 2196 ita
1340 2164 1562 2197 sustentat
1607 2164 1648 2197 et

127 2227 316 2268 serenat,
345 2234 396 2261 ac
421 2222 478 2262 ab
508 2221 632 2261 omni
664 2222 756 2262 fece
783 2221 1034 2275 iniquitatis
1061 2223 1227 2275 expiat,
1261 2223 1646 2277 quemadmodum

127 2287 309 2328 feruens
329 2287 516 2328 dileccio
539 2288 718 2329 deitatis
742 2296 783 2329 et
809 2289 1024 2330 continua
1050 2289 1288 2330 meditacio
1308 2289 1586 2331 Conditoris.

185 2352 389 2393 Lacrime
430 2353 580 2393 lauare
615 2354 759 2394 solent
799 2367 825 2393 a
865 2354 1053 2401 delictis,
1094 2362 1135 2394 et
1175 2354 1303 2395 dolor
1342 2355 1491 2396 cordis
1529 2355 1646 2395 delet

125 2420 529 2473 dampnacionem;
561 2421 640 2461 sed
670 2421 837 2462 ardens
867 2435 994 2461 amor
1026 2422 1180 2462 omnia
1213 2422 1387 2462 excedit
1417 2422 1645 2476 inexcogi-

118 2487 314 2528 tabiliter
356 2494 398 2527 et
443 2486 816 2528 excellentissime
857 2487 1218 2539 resplendentem
1265 2487 1370 2528 facit
1425 2488 1641 2537 animam,

127 2557 247 2598 unde
267 2563 308 2596 et
331 2569 412 2610 pro
434 2555 647 2596 omnibus
670 2569 756 2609 que
779 2555 953 2607 operari
979 2568 1239 2608 possumus,
1266 2568 1341 2595 cor
1361 2555 1500 2595 eterni
1526 2555 1644 2608 regis

123 2623 322 2678 adquirit
345 2630 386 2663 et
411 2623 455 2663 in
481 2635 646 2663 canoro
669 2622 840 2675 gaudio
861 2629 1054 2662 meretur
1079 2620 1419 2673 contemplari]
