1881 2985
215 169 282 214 264
758 173 831 208 ΟΝ
873 173 1207 210 FRIENDSHIP

219 296 325 329 sunt
352 288 510 330 mortis
541 289 647 344 quia
679 297 836 331 contra
869 290 1019 330 Deum
1049 298 1252 344 peccant.
1320 291 1485 332 Errant
1516 305 1628 347 ergo
1657 300 1747 333 tur-

219 357 335 410 piter
358 357 435 412 qui
457 357 614 398 dicunt
637 358 759 413 quod
783 358 938 399 omnia
961 358 1079 398 facta
1100 366 1268 410 nostra,
1292 359 1389 400 siue
1414 360 1627 401 interiora
1649 361 1748 402 siue

219 425 451 474 exteriora,
498 433 605 467 sunt
649 427 876 467 meritoria
928 426 1000 467 uel
1051 427 1362 477 demeritoria;
1416 428 1523 482 quia
1572 428 1748 469 auferre

221 492 439 541 nituntur,
470 494 541 534 uel
569 493 727 535 saltem
760 494 803 533 in
837 494 969 536 nobis
1000 507 1089 534 non
1121 508 1218 536 esse
1249 496 1530 537 contendunt
1556 496 1748 538 delecta-

219 559 374 602 ciones
390 568 431 600 et
450 561 659 602 acciones
680 561 922 612 naturales,
945 569 986 602 et
1005 562 1069 603 sic
1089 562 1407 604 confusionem
1428 563 1570 604 nobili
1592 570 1749 604 nature

220 627 432 669 inducere
465 642 556 669 non
589 635 816 669 uerentur.
883 629 966 669 Illa
991 642 1100 670 uero
1125 630 1332 671 amicicia
1359 631 1431 671 uel
1464 631 1749 671 familiaritas

219 696 421 737 uirorum
451 710 503 737 ac
532 697 771 738 mulierum
803 697 957 738 illicita
985 706 1051 738 est
1077 706 1119 739 et
1147 699 1390 753 prohibita,
1421 713 1510 753 qua
1538 699 1748 753 uolupta-

219 764 343 806 tibus
364 765 615 806 carnalium
638 765 883 806 affectuum
910 766 1171 819 implendis,
1198 767 1242 807 in
1268 767 1348 808 uili
1374 767 1751 820 concupiscencia

107 832 132 865 f.
152 835 194 865 55
218 832 512 879 conueniunt,
548 839 589 873 et
620 839 774 873 eterna
804 839 1134 886 postponentes
1175 834 1506 887 temporalibus
1554 834 1748 882 solaciis,

216 898 539 952 corporeisque
559 898 793 940 amoribus
814 899 972 940 florere
994 906 1203 954 querunt.
1271 899 1365 953 Ipsi
1386 900 1527 941 eciam
1550 899 1750 954 grauiter

210 964 501 1019 delinquunt,
531 972 573 1005 et
598 965 795 1006 maxime
819 966 896 1020 qui
920 980 1098 1007 sacrum
1125 966 1330 1007 ordinem
1355 973 1641 1019 acceperunt,
1672 966 1750 1021 qui

216 1032 437 1073 accedunt
491 1033 549 1074 ad
604 1033 893 1075 mulierculas
949 1034 1071 1075 uelut
1128 1042 1399 1089 peccatores,
1449 1036 1651 1076 dicentes
1702 1048 1750 1075 se

220 1100 437 1154 languere
469 1115 554 1155 pro
590 1115 744 1142 amore
780 1102 958 1143 illarum
997 1111 1039 1143 et
1077 1116 1193 1156 pene
1244 1103 1472 1144 tabescere
1526 1103 1751 1143 immenso

219 1167 459 1218 desiderio,
500 1169 932 1224 cogitacionumque
967 1170 1196 1219 conflictu,
1229 1178 1271 1211 et
1308 1171 1373 1212 sic
1408 1184 1484 1211 eas
1535 1170 1658 1211 leues
1708 1177 1750 1209 et

220 1235 457 1277 instabiles
484 1236 542 1277 ad
571 1237 799 1277 miseriam
835 1238 1059 1291 presentis
1095 1239 1185 1278 uite
1218 1246 1261 1279 et
1294 1238 1445 1279 future
1480 1238 1748 1292 perducunt.

219 1301 311 1343 Sed
335 1310 376 1343 et
402 1303 488 1356 ipsi
516 1317 605 1344 non
630 1305 964 1358 permanebunt
991 1305 1219 1358 impuniti,
1242 1312 1424 1359 portant
1449 1305 1569 1345 enim
1595 1317 1749 1346 secum

219 1370 601 1424 dampnacionem
632 1385 761 1412 suam
795 1372 850 1412 de
878 1372 1046 1427 quibus
1093 1386 1171 1425 per
1216 1372 1502 1426 psalmistam
1548 1372 1743 1413 dicitur:

220 1438 529 1491 Sepulchrum
564 1444 724 1493 patens
761 1446 826 1481 est
861 1444 1020 1494 guttur
1057 1454 1226 1488 eorum,
1258 1440 1430 1494 linguis
1462 1438 1557 1481 suis
1596 1440 1750 1481 dolose

219 1505 445 1557 agebant;
475 1505 625 1546 iudica
654 1506 757 1548 illos
786 1507 952 1548 Deus.1
1017 1507 1131 1548 Uult
1159 1521 1355 1561 namque
1385 1508 1512 1548 Deus
1542 1506 1755 1547 mulieres

221 1585 247 1611 a
267 1572 378 1612 uiris
400 1585 480 1614 nec
500 1586 688 1626 prorsus
708 1573 895 1626 despici,
917 1587 1063 1628 neque
1083 1588 1163 1628 per
1183 1588 1303 1615 uana
1323 1574 1552 1616 blandicia
1571 1573 1750 1623 seduci3

221 1639 300 1679 sed
326 1639 370 1679 in
402 1640 527 1680 omni
557 1640 793 1681 sanctitate
821 1648 863 1681 et
891 1642 1194 1682 sanctimonia
1222 1642 1279 1682 ad
1309 1642 1501 1683 salutem
1528 1641 1680 1682 anime
1711 1648 1752 1682 et

222 1707 425 1759 corporis
447 1706 639 1748 fideliter
661 1714 703 1748 et
724 1708 958 1749 caritatiue
983 1708 1175 1758 erudiri;
1202 1709 1280 1749 sed
1308 1722 1429 1750 nunc
1452 1721 1553 1748 raro
1578 1706 1752 1748 inueni-

222 1781 306 1824 tur,
342 1774 419 1828 qui
454 1774 518 1815 sic
551 1774 701 1825 faciat,
740 1775 850 1829 quin
883 1776 1056 1829 pocius,
1091 1776 1233 1830 (quod
1266 1775 1515 1817 dolendum
1549 1776 1645 1827 est‚)
1680 1774 1752 1814 uel

222 1855 305 1894 pro
357 1842 627 1884 muneribus
678 1843 749 1883 uel
798 1857 883 1897 p-ro
933 1843 1211 1897 specialitate
1262 1857 1416 1884 earum
1469 1842 1754 1898 adquirenda

223 1908 406 1949 student
436 1921 511 1949 eas
549 1908 808 1950 informare.
903 1909 1041 1950 Unde
1074 1923 1181 1963 sepe
1217 1909 1442 1964 contingit
1475 1910 1598 1963 quod
1633 1909 1671 1950 si
1709 1909 1754 1949 in

224 1989 316 2016 uno
341 1976 582 2027 instruant,
612 1977 657 2016 in
680 1977 770 2018 alio
795 1977 1030 2018 destruant
1055 1985 1096 2018 et
1121 1977 1420 2025 confundant,
1446 1984 1487 2017 et
1513 1991 1564 2018 ea
1586 1976 1755 2031 quibus

224 2041 369 2095 placet
393 2043 661 2084 mulieribus
679 2043 757 2090 uti,
782 2057 837 2083 ne
859 2043 1162 2091 offendantur,
1185 2044 1257 2084 uel
1280 2057 1370 2084 non
1393 2043 1545 2084 uolent
1568 2044 1640 2084 uel
1663 2056 1754 2084 non

222 2108 391 2148 audent
416 2108 669 2161 prohibere,
693 2109 906 2163 quamuis
925 2108 1046 2150 mala
1068 2117 1189 2150 sunt.

283 2175 363 2216 Est
381 2182 531 2216 autem
553 2189 659 2216 uera
678 2176 1172 2227 amicicia,amancium
1194 2175 1755 2225 consolidacio,mencium

222 2243 495 2293 consolacio,
530 2242 751 2297 anguscie
788 2243 1023 2291 releuacio,
1059 2243 1245 2284 tristicie
1281 2243 1498 2284 secularis
1528 2243 1752 2296 expulsio,

225 2311 493 2352 reformacio
522 2318 824 2364 peccatorum,
855 2312 1179 2366 augmentacio
1206 2312 1473 2360 sanctitatis,
1504 2311 1758 2353 diminucio

218 2379 413 2429 sceleris,
443 2378 768 2431 multiplicacio
798 2380 1024 2420 bonorum
1050 2379 1329 2429 meritorum,
1361 2379 1471 2420 dum
1499 2378 1674 2419 amicus
1697 2379 1754 2419 ab

225 2444 372 2485 amico
401 2444 603 2485 uicissim
629 2451 671 2485 et
697 2458 723 2484 a
752 2445 871 2485 malo
898 2459 978 2499 per
1000 2445 1180 2486 salubre
1209 2445 1452 2486 consilium
1481 2445 1686 2492 trahitur,
1713 2450 1756 2485 et

93 2512 201 2548 f.55b
225 2510 283 2551 ad
315 2511 488 2551 bonum
522 2510 755 2565 agendum
791 2511 1114 2562 inflammatur,
1152 2511 1262 2552 dum
1298 2512 1343 2551 in
1373 2511 1520 2552 amico
1554 2511 1755 2565 graciam

227 2577 426 2617 intuetur
463 2590 599 2630 quam
634 2576 731 2630 ipse
769 2577 814 2616 in
852 2590 900 2618 se
936 2576 1102 2617 habere
1138 2577 1438 2630 concupiscit.·
1501 2575 1606 2616 Non
1645 2587 1758 2629 ergo

225 2644 484 2697 spernenda
503 2652 568 2684 est
592 2651 747 2685 sancta
771 2644 990 2692 amicicia,
1017 2657 1104 2698 que
1126 2645 1251 2684 omni
1277 2643 1456 2685 miserie
1482 2643 1754 2684 medicinam

282 2738 308 2768 1.
338 2736 457 2768 Psazm
483 2737 515 2776 5,
547 2737 596 2767 11.
