1881 2985
638 200 749 237 THE
790 201 901 238 END
945 201 1154 239 GAINED
1597 218 1659 251 251

137 327 239 355 cum
292 315 583 358 inestimabili
628 317 827 359 claritate
876 318 1116 361 suauitatis
1166 320 1339 362 interne
1384 329 1583 363 assumet
1631 336 1657 362 a

137 380 314 430 dilecto,
345 390 386 422 et
413 383 613 437 singulis
642 384 766 426 horis
789 385 949 438 spiritu
981 386 1182 426 emittere
1203 386 1448 438 anhelabit,
1480 388 1586 442 quia
1612 389 1657 428 in

136 447 331 489 clamore
365 450 527 491 intimo
556 451 822 499 consistens,
856 452 901 492 in
935 452 1094 493 ardore
1126 454 1297 494 amoris
1326 454 1624 495 amicabiliter
1648 456 1663 480 1

136 515 299 556 cotidie
325 516 544 569 expiatur,
574 525 621 558 ut
649 518 693 557 in
719 531 769 558 ea
799 518 922 559 nulla
948 519 1203 572 putredinis
1227 520 1478 573 spiritualis
1505 522 1657 564 uilitas

138 582 359 634 perduret,
409 583 518 624 dum
568 591 609 624 et
654 585 875 639 cogitacio
916 585 1179 627 continuata
1228 586 1273 626 in
1326 587 1426 627 Deo
1473 601 1655 628 omnem

137 647 420 702 iniquitatem
457 650 583 690 eiecit
625 664 761 705 quam
803 651 1066 706 malignitas
1106 653 1315 707 suggerit
1355 653 1575 702 hoscium,
1616 662 1658 695 et

135 715 396 756 incendium
440 719 610 759 amoris
654 718 828 759 realiter
869 718 913 758 in
958 727 1107 760 mente
1151 733 1452 769 commorans,
1495 729 1657 762 cuncta

133 781 346 834 contagia
367 795 453 835 que
474 782 677 835 ingenita
694 784 1071 836 concupiscencia
1084 784 1415 826 contrahuntur
1433 793 1656 839 expurgat

133 854 437 899 peccatorum.

192 914 520 956 Uerumtamen
556 917 601 956 in
632 917 909 959 sublimitate
942 932 1122 959 summa
1154 919 1344 972 positus,
1373 920 1438 961 sic
1470 931 1656 960 securus

132 989 198 1023 est
222 982 406 1024 effectus
428 992 475 1024 ut
494 984 685 1025 omnino
706 993 862 1026 caueat
887 985 1239 1039 negligenciam,
1269 987 1507 1040 ipsamque
1532 986 1655 1027 uelut

133 1048 308 1090 hostem
330 1051 595 1104 pestiferum
617 1065 642 1091 a
663 1065 711 1093 se
730 1052 941 1105 expellat.
1004 1051 1352 1094 Solicitudinem
1373 1068 1426 1095 ac
1448 1054 1655 1095 timorem

134 1132 224 1159 non
260 1119 436 1159 amittat
465 1120 574 1160 dum
610 1120 683 1161 hic
717 1121 847 1171 uiuit,
883 1121 989 1175 quia
1025 1135 1115 1175 quo
1150 1122 1255 1176 quis
1288 1122 1446 1163 melior
1479 1130 1520 1163 et
1555 1123 1657 1163 Deo

124 1188 371 1240 accepeior,
400 1201 454 1228 eo
482 1189 683 1241 amplius
710 1189 754 1228 in
785 1188 968 1230 caritate
994 1189 1135 1240 ardet,
1168 1197 1209 1230 et
1240 1190 1297 1230 ad
1324 1190 1577 1231 instancius
1603 1204 1657 1231 ac

132 1254 301 1296 sorcius
336 1256 619 1308 operandum
657 1269 708 1296 ea
747 1270 834 1310 que
870 1270 954 1297 suo
992 1257 1127 1297 statui
1161 1271 1214 1298 ac
1252 1256 1342 1297 uite
1379 1266 1654 1310 congruunt,

131 1322 272 1362 eciam
300 1322 412 1375 ipsis
441 1323 638 1364 stimulis
665 1323 833 1364 amoris
862 1323 1094 1364 excitatur.
1160 1323 1230 1365 Ac
1257 1336 1336 1376 per
1362 1323 1448 1364 hoc
1476 1335 1656 1375 semper

130 1389 353 1431 sollicitus
376 1397 456 1440 est,
485 1403 629 1443 neque
651 1403 677 1429 a
700 1396 848 1430 mente
873 1403 955 1430 sua
974 1389 1189 1431 memoria
1214 1389 1364 1430 dilecti
1391 1389 1655 1430 suauissimi

131 1458 203 1498 uel
227 1458 284 1498 ad
311 1465 591 1498 momentum
618 1457 833 1505 elabatur,
859 1466 906 1498 ut
934 1471 1023 1498 non
1047 1458 1196 1498 solum
1224 1457 1268 1497 in
1296 1456 1468 1503 habitu,
1495 1467 1653 1496 uerum

130 1525 271 1566 eciam
312 1525 356 1565 in
387 1532 503 1572 actu,
543 1525 693 1578 ipsum
728 1524 891 1565 habeat
928 1531 970 1564 et
1007 1524 1188 1578 cogitet,
1224 1536 1358 1577 quem
1391 1530 1484 1563 toto
1520 1521 1654 1563 corde

128 1592 318 1647 diligere
364 1597 627 1644 preceptum
673 1590 760 1632 sibi
807 1603 905 1632 esse
952 1603 1042 1631 non
1087 1589 1286 1645 ignorat.
1376 1588 1617 1642 Timetque
1645 1588 1661 1612 2

123 1659 414 1700 uehementer
456 1672 510 1699 ne
557 1658 707 1711 ipsum
756 1657 915 1698 saltem
961 1657 1006 1696 in
1051 1656 1139 1697 hiis
1180 1670 1267 1711 que
1313 1655 1501 1696 minima
1548 1664 1655 1696 sunt

128 1725 356 1767 offendere
383 1726 674 1767 distrahatur.
740 1725 844 1766 Non
875 1725 1023 1766 solum
1051 1725 1223 1779 quippe
1254 1724 1377 1779 quod
1406 1723 1654 1778 precipitur

129 1792 365 1834 Christum
388 1800 481 1833 tota
507 1799 654 1832 mente
680 1792 813 1846 diligi
838 1792 896 1832 ad
945 1791 1032 1833 hoc
1059 1791 1341 1846 implendum
1363 1804 1410 1832 se
1434 1790 1649 1840 extendit,

128 1867 169 1900 et
211 1866 306 1900 toto
347 1859 571 1900 desiderio
616 1859 785 1907 nititur,
828 1859 908 1899 sed
950 1859 1091 1899 eciam
1136 1871 1305 1912 magna
1349 1857 1652 1898 delectacione

127 1927 315 1980 capitur,
345 1934 393 1967 ut
425 1927 770 1967 dilectissimum
800 1940 934 1967 suum
965 1939 1201 1980 nunquam
1227 1925 1536 1975 obliuiscatur,
1571 1937 1653 1965 nec

128 1993 269 2033 eciam
311 1992 419 2033 uelit
460 1993 516 2034 ab
558 1992 655 2033 eius
695 1992 941 2033 dileccione
982 1992 1181 2045 separari
1221 2005 1269 2032 se
1310 1991 1545 2032 declinans
1593 1990 1651 2031 ad

127 2060 399 2112 temporales
429 2059 767 2106 delectaciones,
799 2059 880 2100 etsi
911 2059 1056 2112 possit
1085 2059 1183 2099 sine
1214 2072 1331 2112 pena
1356 2058 1501 2099 facere
1528 2057 1651 2112 quod

128 2125 311 2165 ualeret.
378 2124 604 2178 Expertus
677 2132 743 2166 est
796 2125 918 2165 enim
968 2126 1203 2165 suauiores
1256 2138 1353 2166 esse
1424 2124 1651 2165 blandicie

127 2189 386 2243 spirituales
408 2191 636 2243 corporeis
658 2191 903 2238 amoribus,
926 2191 1046 2231 unde
1070 2191 1234 2231 mirum
1257 2198 1373 2232 esset
1391 2191 1429 2232 si
1446 2191 1504 2231 ad
1527 2196 1649 2230 tanta

127 2257 423 2297 deliramenta
454 2257 740 2308 dilaberetur,
777 2258 899 2312 quod
933 2258 1095 2311 spretis
1129 2258 1406 2311 incorporeis
1438 2258 1648 2298 carisma-
1672 2270 1694 2303 f.
1716 2272 1757 2303 92

120 2323 258 2374 tibus,
282 2323 366 2364 ista
384 2322 485 2364 ficta
503 2332 544 2364 et
565 2324 694 2379 quasi
712 2323 951 2364 fantastica
972 2323 1182 2364 felicitate
1203 2324 1337 2378 potiri
1357 2338 1404 2364 se
1424 2329 1646 2377 preparet,

127 2390 200 2431 uel
221 2390 266 2430 in
288 2391 456 2431 carnali
476 2391 625 2444 specie
646 2391 991 2446 conglutinatus
1010 2391 1094 2432 hoc
1115 2399 1290 2445 optaret
1311 2391 1388 2440 uti,
1412 2391 1534 2445 quod
1553 2390 1649 2432 odit

127 2458 279 2499 omnis
321 2465 505 2499 sanctus
549 2458 635 2499 Dei
673 2466 862 2499 amator.
942 2458 1179 2513 Quosdam
1228 2459 1442 2500 nimirum
1491 2457 1649 2499 fefellit

126 2523 317 2576 turpiter
343 2523 718 2576 concupiscencia
743 2524 906 2574 carnis,
932 2531 973 2564 et
999 2525 1173 2577 species
1197 2524 1433 2566 obtutibus
1460 2524 1647 2569 obiecta,

127 2589 357 2642 sapientes
374 2589 514 2630 eciam
536 2597 578 2630 et
599 2590 789 2631 deuotos
810 2591 868 2631 ad
892 2590 1073 2631 illicitos
1096 2604 1185 2631 non
1211 2604 1446 2644 nunquam
1469 2589 1649 2631 attraxit

126 2658 378 2710 amplexus,
405 2657 511 2712 quia
536 2658 579 2697 in
606 2659 787 2699 caritate
808 2659 986 2699 fundati
1011 2659 1206 2712 perfecte
1229 2673 1319 2700 non
1342 2659 1539 2708 fuerunt,
1569 2670 1649 2698 nec

192 2748 218 2778 1.
255 2745 302 2788 (9)
334 2743 562 2776 “amabilis”
622 2747 657 2778 2.
688 2745 726 2786 (i)
757 2745 986 2786 “tenetque”
