1757 2990
101 151 146 186 34

103 426 127 462 f.
154 437 208 463 12.

105 494 132 529 f.
155 494 236 539 13b.

105 846 132 881 f.
156 847 210 882 18.

107 970 134 1005 f.
156 981 211 1016 25.

107 1218 134 1253 f.
155 1218 239 1263 31b.

109 2145 137 2179 f.
158 2144 242 2188 6512.

112 2259 139 2293 f.
160 2258 244 2293 66b.

113 2326 139 2360 f.
160 2326 217 2360 68.

114 2393 142 2428 f.
162 2392 247 2428 68b.

566 138 751 175 OTHER
791 135 979 171 MANUS
985 134 1170 170 CRIPTS

299 255 403 300 Quia
425 255 591 290 meliora
615 257 711 289 sunt
733 254 855 288 ubera
880 255 949 287 tua
973 251 1084 292 uino,
1106 251 1335 295 fragrancia
1359 254 1429 286 tua
1451 259 1632 294 unguen-

298 314 350 348 tis
383 311 560 357 optimis
613 309 764 345 Fidelis
794 311 834 343 et
864 307 1033 343 delicate
1065 306 1231 352 depasta
1260 333 1268 341 .
1299 334 1306 341 .
1338 334 1346 342 .
1376 333 1384 340 .
1416 307 1513 352 (i.e.,
1545 305 1634 341 Sec-

296 369 385 404 tion
413 380 431 405 2
459 368 500 403 of
524 368 594 403 the
622 369 833 404 Comment
861 377 911 402 on
940 366 1004 401 the
1035 364 1266 410 Canticles.)
1299 391 1306 398 .
1337 391 1345 398 .
1376 354 1384 398 ζ
1414 390 1422 397 .

300 427 402 462 Cum
429 425 636 460 laudasset
661 434 810 470 sponsa
839 450 846 457 .
878 449 885 456 .
917 449 924 456 .
955 449 963 456 .

299 522 306 528 .
337 521 344 528 .
376 521 383 528 .
415 521 422 527 .
450 493 500 528 ad
541 492 738 527 christum
779 489 1024 536 suspirando
1063 488 1270 524 clamans:
1319 488 1535 524 Osculetur
1571 497 1635 521 me

295 551 435 586 osculo
481 550 563 584 oris
612 549 690 592 sui,
742 548 836 593 quia
866 575 873 581 .
904 574 911 581 .
943 574 949 581 .
982 575 988 581 .
1016 545 1196 591 optimis.
1248 545 1431 591 Explicit
1481 544 1639 590 primus

296 610 505 642 tractatus.
558 606 707 651 Incipit
757 604 960 640 secundus
1007 605 1205 637 tractatus
1254 613 1377 648 super
1426 602 1639 637 Canticum

297 665 568 700 Canticorum.
620 663 831 708 Expulsus
855 673 878 696 a
902 661 1091 706 paradiso
1113 671 1187 705 pro
1208 659 1529 705 transgressione
1556 687 1564 693 .
1593 686 1600 693 .
1630 686 1637 692 .

302 723 446 757 Oleum
477 723 653 766 effusum
683 731 829 756 nomen
861 724 1003 755 tuum:
1041 717 1132 753 ideo
1161 717 1458 753 adolescentule
1487 716 1637 752 dilexe-

299 783 396 815 runt
421 782 461 813 te
485 777 621 813 nimis.
674 778 830 812 Nomen
859 776 975 812 ihesu
1002 775 1118 810 uenit
1144 775 1188 810 in
1213 775 1413 810 mundum
1442 802 1449 809 .
1480 802 1487 808 .
1519 801 1526 808 .
1557 801 1565 808 .

343 873 349 880 .
381 873 388 880 .
420 873 427 879 .
455 845 498 880 in
521 844 655 880 secula
678 843 918 879 seculorum.
970 843 1064 878 Ideo
1089 843 1382 878 adolescentule
1407 842 1637 878 dilexerunt

299 908 335 940 te
362 903 484 938 nimis
515 931 521 937 .
553 931 560 937 .
592 931 598 937 .
630 930 637 937 .
669 903 793 937 Trahe
821 913 883 937 nze
909 905 1000 946 post
1028 904 1077 937 te.

303 971 519 1008 Curremus
546 972 589 1006 in
617 971 776 1006 odorem
803 972 1106 1014 unguentorum
1135 971 1296 1003 tuorum
1325 994 1332 1001 .
1363 994 1370 1001 .
1402 994 1409 1001 .

305 1065 311 1072 .
382 1065 389 1072 .
421 1065 428 1071 .
456 1040 757 1082 unguentorum
780 1039 956 1071 tuorum.
1010 1034 1160 1080 Incipit
1184 1034 1379 1079 Prologus
1403 1032 1567 1068 Ricardi
1590 1032 1640 1067 de

299 1095 499 1140 Hampole
527 1094 722 1129 heremita
749 1094 797 1128 de
824 1092 1013 1127 incendio
1038 1091 1199 1126 amoris.
1253 1092 1350 1136 Cap.
1379 1090 1406 1125 i.
1458 1089 1642 1124 Admira-

299 1152 372 1187 bar
404 1151 581 1197 amplius
614 1162 736 1197 quam
769 1150 942 1185 enuncio
969 1178 977 1184 .
1009 1177 1015 1184 .
1047 1177 1054 1183 .
1086 1177 1093 1183 .

301 1246 308 1252 .
339 1245 346 1252 .
378 1245 385 1252 .
417 1245 424 1252 .
453 1217 661 1252 sorciatur.
714 1216 863 1262 Incipit
912 1216 1016 1250 liber
1064 1214 1134 1261 qui
1183 1217 1353 1250 uocatur
1402 1211 1639 1248 Incendium

296 1275 457 1310 amoris.
511 1276 605 1320 Cap.
658 1274 700 1309 ii.
754 1273 952 1308 Nouerint
998 1272 1194 1307 uniuersi.
1250 1271 1349 1316 (The
1395 1270 1509 1305 short
1554 1270 1643 1304 text

300 1332 342 1367 of
364 1333 433 1368 the
457 1334 695 1368 Incendium
720 1331 890 1373 follows,
916 1330 985 1365 the
1008 1330 1195 1375 Chapters
1220 1329 1345 1374 being
1367 1326 1536 1363 marked
1560 1326 1640 1362 and

300 1389 519 1425 numbered
542 1389 731 1431 i-xxiX,
756 1399 855 1433 very
877 1387 1079 1432 similarly
1100 1389 1143 1421 to
1164 1386 1235 1421 the
1256 1386 1369 1420 short
1391 1387 1481 1419 text
1503 1394 1642 1419 manu-

298 1447 424 1492 script
453 1448 522 1492 (0),
548 1457 614 1481 see
639 1457 678 1491 p.
707 1446 780 1491 36.)

351 1504 450 1549 (The
473 1504 640 1549 chapter
666 1504 689 1520 “
711 1502 941 1537 Dulciorem
965 1501 1219 1546 uoluptatem
1238 1501 1261 1516 ''
1288 1499 1325 1534 is
1349 1498 1517 1533 marked
1540 1509 1640 1532 xxv.

303 1562 444 1598 Omnis
476 1562 583 1597 accio
614 1560 731 1603 xxvi,
763 1562 807 1596 Si
840 1560 930 1605 quis
961 1563 1096 1595 sancte
1128 1557 1262 1601 xxvii,
1295 1559 1398 1593 Cum
1428 1556 1644 1602 infeliciter

304 1618 453 1661 xxviii,
492 1619 557 1653 Ex
596 1628 744 1663 magno
783 1618 931 1653 amoris
969 1614 1089 1650 xxix.
1145 1615 1230 1649 The
1267 1614 1434 1658 writing
1470 1613 1507 1647 is
1545 1622 1643 1657 very

303 1676 461 1710 similar
481 1678 537 1718 to,
559 1675 592 1709 if
611 1677 682 1709 not
704 1675 772 1709 the
794 1684 904 1709 same
925 1683 983 1716 aS,
1005 1672 1096 1708 that
1115 1672 1156 1707 of
1176 1671 1246 1707 the
1267 1673 1478 1713 Comment
1501 1682 1552 1707 on
1574 1670 1640 1706 the

307 1733 508 1769 Canticles
540 1732 583 1767 in
619 1733 682 1777 (j),
715 1731 794 1766 and
825 1731 894 1766 the
926 1729 1109 1765 variants
1140 1729 1183 1763 in
1214 1729 1284 1764 the
1313 1732 1393 1764 two
1424 1728 1540 1763 MSS.
1575 1737 1642 1762 are

303 1790 484 1836 peculiar
528 1789 607 1824 and
653 1789 795 1833 nearly
840 1788 992 1833 always
1039 1797 1169 1832 agree.
1220 1786 1319 1820 This
1365 1785 1400 1820 is
1445 1784 1642 1830 specially

304 1847 528 1882 noticeable
562 1846 603 1881 in
637 1846 706 1881 the
739 1845 950 1891 Prologue,
982 1844 1114 1879 where
1146 1843 1243 1878 both
1278 1843 1382 1878 have
1416 1841 1642 1888 “imagina-

303 1904 434 1939 torie''
457 1904 519 1938 for
540 1903 854 1948 “imaginarie,’'
879 1903 1136 1947 “compertus
1158 1901 1278 1936 sum'’
1301 1900 1363 1935 for
1384 1899 1641 1941 “continui,'’

307 1963 417 1996 “non
452 1961 560 1996 enim
594 1960 843 2006 disputando
874 1959 944 1994 sed
977 1958 1135 2004 agendo
1167 1958 1317 1993 scietur
1350 1967 1414 1992 ars
1447 1955 1641 1991 amandi’'

306 2019 368 2054 for
408 2020 519 2053 “non
561 2017 669 2053 enim
713 2016 962 2062 disputando
1003 2015 1073 2051 sed
1116 2015 1274 2061 agendo
1315 2014 1478 2057 scietur,
1523 2015 1643 2059 atque

307 2075 539 2121 amand0.'')
572 2102 579 2109 .
611 2102 618 2109 .
650 2102 656 2109 .

302 2171 309 2177 .
341 2171 348 2177 .
380 2171 386 2177 .
419 2171 425 2177 .
454 2142 594 2177 saluus
647 2152 726 2175 ero.
793 2142 936 2175 Amen.
1005 2140 1101 2184 Cap.
1157 2138 1273 2173 xxvi.
1342 2137 1486 2174 Omnis
1539 2137 1647 2172 accio

309 2228 317 2235 .
348 2228 355 2235 .
387 2228 394 2234 .
426 2227 433 2234 .
463 2200 560 2245 Cap.
585 2198 717 2234 xxvii.
769 2198 813 2233 Si
837 2197 928 2243 quis
956 2198 1092 2231 sancte
1121 2223 1128 2229 .
1160 2222 1167 2229 .
1198 2223 1206 2229 .

307 2285 314 2292 .
345 2287 352 2294 .
384 2285 390 2291 .
423 2284 429 2291 .
457 2256 716 2301 corporalem.
770 2256 866 2299 Cap.
896 2253 1043 2288 xxviii.
1097 2254 1200 2288 Cum
1227 2252 1455 2287 infeliciter.

386 2351 392 2358 .
425 2351 431 2358 .
459 2322 686 2358 incitemini
737 2323 833 2367 Cap.
870 2321 989 2355 xxix.
1041 2321 1106 2357 Ex
1139 2330 1289 2365 magno
1322 2319 1470 2354 amoris
1500 2346 1507 2352 .
1539 2346 1545 2352 .
1578 2345 1584 2352 .
1617 2345 1623 2351 .

309 2420 316 2427 .
348 2419 355 2426 .
387 2419 394 2425 .
426 2419 433 2426 .
461 2391 504 2426 in
563 2389 660 2425 celis
717 2388 966 2435 gaudebunt.
1033 2389 1177 2422 Amen.
1244 2387 1395 2432 Incipit
1450 2389 1646 2421 tractatus

312 2448 475 2484 Ricardi
501 2446 702 2492 Hampole
725 2445 943 2481 Heremite.
969 2444 1019 2480 de
1041 2446 1189 2479 Amore
1211 2444 1276 2479 dei
1286 2447 1424 2479 contra
1437 2446 1648 2479 Amatores

310 2505 465 2540 mundi.
519 2504 754 2550 Capitulum
774 2503 964 2548 primum.
1017 2501 1218 2544 Quoniam
1238 2501 1552 2536 mundaniorum
1575 2529 1582 2535 .
1608 2528 1615 2534 .
1643 2531 1646 2534 .

393 2590 400 2597 .
431 2590 439 2597 .
466 2561 703 2597 commendo
742 2560 829 2596 sine
869 2559 961 2594 fine.
1028 2561 1172 2593 Amen.
1239 2558 1421 2604 Explicit
1459 2558 1562 2593 liber
1599 2558 1649 2594 de

313 2622 462 2655 Amore
495 2619 560 2654 dei
595 2621 734 2653 contra
766 2619 963 2652 amatores
998 2616 1154 2651 mundi.
1216 2615 1413 2651 Ricardus
1448 2615 1650 2661 Hampole

313 2677 534 2712 Heremita.
