1881 2985
102 1452 126 1486 f.
147 1455 190 1485 42

202 190 270 224 224
654 181 820 217 PRIDE
859 181 973 215 AND
1016 180 1289 218 HUMILITY

206 299 426 340 solacium
448 312 538 340 non
561 299 698 352 cupit,
718 298 796 339 sed
816 298 957 339 eciam
982 311 1153 352 magno
1172 298 1394 349 desidero,
1416 298 1540 340 uelut
1559 299 1737 340 fumum

206 366 366 408 oculos
397 365 702 407 offendentem
738 365 890 420 fugit.l
970 363 1411 421 [Quemadmodum
1447 366 1631 421 quidem
1663 379 1739 407 aer

207 433 421 487 perfusus
443 434 569 475 radio
588 434 700 475 solis
720 441 761 474 et
783 433 1026 486 splendore
1048 433 1238 475 luminis
1256 440 1378 475 totus
1397 441 1463 475 est
1484 433 1702 487 splendor
1721 448 1731 474 :

209 501 269 541 ita
302 501 467 542 deuota
506 514 634 543 mens
673 500 884 541 incendio
922 501 1092 542 amoris
1124 500 1296 542 Christi
1350 500 1644 548 inflammata,
1699 507 1741 542 et

207 568 447 609 celescium
478 568 754 623 gaudiorum
783 568 1022 609 desideriis
1052 568 1234 622 repleta,
1263 575 1357 609 tota
1385 582 1514 610 amor
1543 569 1737 620 uidetur,

209 636 316 690 quia
346 643 439 677 tota
469 637 514 676 in
543 636 681 676 aliam
711 635 1058 676 similitudinem
1090 635 1453 684 transformatur,
1479 649 1563 677 sua
1589 643 1741 677 tamen

209 710 420 744 manente
449 702 713 744 substancia
741 703 954 756 quamuis
978 701 1268 743 ineffabiliter
1297 702 1557 743 iocundata.
1621 699 1742 755 Quia

209 783 312 811 cum
338 783 466 811 mens
490 770 598 824 igne
622 769 823 823 Spiritus
848 769 1005 811 Sancti
1026 769 1328 818 succenditur,
1350 771 1408 811 ab
1429 770 1555 810 omni
1578 769 1680 810 ocio
1701 776 1743 809 et

210 837 511 878 immundicia
533 837 713 878 exuitur
735 844 777 878 et
803 844 999 878 torrente
1026 837 1278 890 uoluptatis
1305 836 1391 877 Dei
1419 836 1743 884 indulcoratur,

210 918 390 958 semper
442 905 712 958 suspiciens,
786 917 1023 958 nunquam
1090 903 1318 952 deficiens,
1390 903 1580 945 terrenis
1652 915 1741 943 non

212 972 472 1026 respiciens,
496 972 641 1013 donec
665 971 864 1026 perfecta
887 971 1038 1012 dilecti
1064 971 1242 1011 uisione
1267 970 1504 1026 glorietur.

269 1039 443 1080 Cauere
497 1046 649 1080 autem
705 1046 882 1093 oportet
938 1052 1121 1079 omnem
1177 1038 1439 1091 superbiam
1497 1045 1539 1078 et
1595 1036 1746 1079 cordis

211 1108 476 1158 elacionem,
510 1108 617 1162 quia
647 1107 728 1148 hec
761 1115 827 1148 est
859 1120 946 1162 que
974 1106 1204 1148 mirabiles
1237 1106 1364 1147 uiros
1391 1106 1435 1146 in
1466 1103 1744 1158 profundam

212 1175 441 1216 miseriam
467 1175 642 1216 deiecit.
709 1173 834 1229 Quid
861 1175 982 1215 enim
1009 1182 1075 1215 est
1102 1174 1252 1229 magis
1277 1173 1610 1220 detestandum,
1635 1170 1745 1226 quid

211 1243 411 1296 amplius
440 1242 740 1297 puniendum,
770 1242 931 1295 (immo
960 1255 1129 1296 magna
1154 1249 1220 1282 est
1248 1241 1515 1295 indignacio
1541 1248 1582 1281 et
1611 1239 1746 1294 plane

211 1310 565 1363 abhominacio,)
596 1310 719 1365 quod
755 1309 923 1350 uermis
958 1309 1224 1357 uilissimus,
1260 1315 1471 1363 peccator
1505 1308 1746 1362 pessimuS,

211 1377 419 1418 omnium
455 1377 694 1418 hominum
730 1377 928 1425 infimus,
964 1376 1157 1430 apponit
1193 1389 1240 1417 se
1278 1375 1574 1430 magnificare
1610 1387 1748 1428 super

213 1452 391 1494 terram,
416 1458 501 1498 pro
523 1458 615 1499 quo
636 1457 713 1484 rex
735 1444 987 1486 altissimus
1009 1451 1051 1484 et
1074 1444 1419 1485 dominancium
1445 1444 1678 1485 Dominus
1701 1443 1747 1483 in

214 1519 391 1553 tantum
422 1525 470 1553 se
503 1512 725 1566 dignatus
757 1519 823 1552 est
858 1511 1134 1552 humiliare?
1226 1510 1276 1552 Si
1308 1525 1416 1552 uero
1451 1512 1608 1553 intime
1642 1524 1747 1553 con-

214 1579 384 1620 sideres
434 1578 606 1620 Christi
656 1579 975 1629 humilitatem,
1024 1578 1353 1632 cuiuscumque
1400 1584 1545 1618 status
1595 1576 1748 1624 fueris,

216 1654 638 1702 quantumcumque
658 1646 841 1687 diuiciis
859 1646 930 1686 uel
950 1646 1198 1687 uirtutibus
1217 1645 1408 1700 pollens,
1429 1659 1519 1686 non
1543 1643 1750 1685 inuenies

217 1714 262 1754 in
287 1722 328 1754 te
351 1714 584 1754 materiam
606 1713 831 1766 superbie,
856 1714 934 1754 sed
958 1714 1222 1766 despectum
1241 1713 1306 1753 tui
1329 1712 1474 1766 ipsius
1498 1720 1539 1752 et
1562 1723 1748 1753 causam

216 1781 571 1822 humiliacionis.
665 1780 755 1835 Qui
817 1794 929 1835 ergo
984 1788 1242 1834 peccatores
1297 1780 1509 1833 despicis,
1567 1778 1749 1819 attende

217 1849 524 1902 temetipsum,
562 1848 669 1903 quia
699 1848 812 1889 forte
846 1856 887 1888 te
919 1847 1137 1889 omnibus
1168 1846 1435 1887 deteriorem
1469 1846 1606 1897 facis3
1643 1859 1749 1886 nam

218 1917 369 1971 magis
396 1916 625 1970 displicet2
653 1915 754 1956 Deo
773 1914 1000 1968 superbus
1028 1914 1173 1955 iustus
1216 1927 1353 1968 quam
1380 1913 1566 1954 humilis
1594 1925 1750 1967 pecca-

218 1992 304 2025 tor.
368 1983 487 2024 Cum
518 1997 627 2024 uero
656 1983 701 2022 in
729 1990 878 2022 mente
905 1990 981 2022 tua
1012 1995 1118 2022 uera
1148 1981 1384 2021 humilitas
1414 1979 1656 2021 inseritur:
1692 1976 1751 2018 ad

220 2051 401 2091 laudem
438 2050 704 2091 Conditoris
738 2049 957 2104 quicquid
992 2049 1100 2090 boni
1132 2048 1257 2095 facis,
1306 2047 1483 2102 agitur3
1535 2054 1582 2087 ut
1626 2054 1751 2086 tuam

221 2119 434 2159 uirtutem
487 2117 759 2171 despiciens,
815 2117 914 2157 eius
965 2115 1159 2171 gloriam
1214 2128 1401 2169 queras3
1457 2128 1512 2155 ne
1560 2112 1751 2154 uanitati

220 2186 417 2236 deditus,
460 2185 663 2226 mercede
699 2184 893 2238 priueris
930 2191 1097 2224 eterna.
1162 2182 1330 2236 Cogita
1363 2194 1474 2236 ergo
1508 2181 1691 2222 Ihesum
1726 2193 1753 2220 a

223 2254 373 2295 cordis
400 2253 643 2303 desiderio,
673 2251 824 2293 oracio
854 2258 932 2290 tua
951 2249 1164 2304 procedat
1191 2249 1249 2289 ad
1281 2249 1448 2301 ipsum,
1479 2260 1570 2288 non
1600 2247 1755 2301 pigeat

223 2323 352 2363 illurn
412 2322 721 2362 indesinenter
781 2333 978 2375 querere,
1040 2318 1153 2358 nihil
1207 2325 1354 2371 preter
1414 2317 1565 2370 ipsum
1624 2326 1754 2356 cures

223 2389 469 2443 possidere.
534 2388 661 2429 Felix
693 2388 824 2430 diues
852 2388 930 2442 qui
961 2387 1095 2427 talem
1130 2386 1265 2426 habet
1297 2385 1661 2440 possessionem;
1695 2380 1754 2422 ad

224 2457 310 2498 hoc
347 2456 502 2497 omnia
540 2455 699 2496 mundi
739 2468 858 2496 uana
894 2454 1112 2507 relinque,
1168 2460 1210 2494 et
1264 2453 1360 2506 ipse
1407 2460 1536 2493 tuum
1590 2450 1759 2505 uincet·

225 2524 461 2565 inimicum
489 2530 530 2564 et
555 2530 596 2563 te
617 2523 674 2563 ad
699 2536 833 2563 suum
862 2521 1077 2575 perducet
1104 2534 1312 2575 regnum.

284 2591 512 2632 Diabolus
539 2590 880 2644 expugnabitur
908 2589 985 2643 qui
1016 2596 1058 2628 te
1091 2587 1347 2641 impugnat,
1374 2599 1479 2628 caro
1509 2583 1755 2626 subicietur

286 2692 313 2720 1.
345 2689 394 2730 (ἢ)
425 2688 463 2730 (i)
493 2688 534 2730 (γ’)
566 2689 612 2729 (ο)
639 2688 682 2729 (s)
713 2689 755 2731 (t)
785 2688 834 2729 (u)
855 2701 862 2720 ε
887 2687 1018 2728 “fugit
1039 2689 1103 2719 etc.
1152 2686 1247 2718 Dum
1269 2686 1362 2718 enim
1385 2685 1544 2727 corpus.⁷'

285 2736 314 2765 2.
343 2733 451 2765 Shortr
473 2734 571 2766 texts
596 2733 614 2745 “
631 2731 825 2773 displicis.’'
