1881 2985
500 181 765 218 BETWEEN
803 180 921 217 ΜΕΝ
962 181 1075 214 AND
1116 180 1322 216 WOMEN
1608 184 1672 226 263

150 300 325 355 aliquid
358 308 513 341 contra
543 300 747 341 diuinam
787 300 1067 340 uoluntatem
1105 300 1162 340 ab
1201 299 1359 341 amicis
1392 306 1566 354 agatur,
1605 306 1671 340 est

150 367 355 407 amicicia
421 380 648 420 peruersa,
716 366 854 407 fetida
920 372 961 406 et
1028 365 1277 413 immunda,
1357 372 1398 406 et
1479 365 1669 406 multum

152 433 452 473 demeritoria.

210 500 375 541 Nescio
403 507 553 541 autem
585 514 677 555 quo
710 499 962 540 infortunio
994 499 1081 540 iam
1115 499 1291 546 accidit,
1328 499 1450 553 quod
1485 499 1563 539 uix
1595 505 1673 538 aut

154 579 254 607 raro
276 567 506 606 inuenitur
529 566 649 607 fidus
669 566 859 606 amicus.
923 564 1098 606 Omnes
1122 572 1315 619 querunt
1339 577 1426 618 que
1449 578 1531 606 sua
1554 570 1672 612 sunt,

154 632 308 674 nullus
334 632 468 673 habet
495 633 692 673 amicum
721 633 776 673 de
803 646 896 687 quo
922 632 1060 673 dicit:
1094 632 1204 672 mihi
1233 639 1299 673 est
1325 632 1398 673 ille
1423 632 1541 672 alius
1567 645 1669 685 ego.

155 700 397 741 Declinant
432 700 552 740 enim
585 700 642 740 ad
673 700 883 754 proprias
919 699 1135 740 utilitates
1171 706 1213 739 et
1249 699 1591 750 delectaciones,
1631 705 1674 739 et

152 766 357 807 fraudem
417 766 557 807 eciam
620 767 664 806 in
726 766 838 819 ipsis
894 766 991 807 suis
1047 766 1206 807 amicis
1265 773 1522 819 perpetrare
1583 778 1673 805 non

152 832 436 879 erubescunt,
464 832 585 872 unde
612 838 733 885 patet
762 831 883 886 quod
909 845 1013 871 uere
1035 832 1169 872 amici
1200 845 1290 872 non
1320 838 1426 872 sunt
1453 831 1531 872 sed
1560 830 1673 877 ficte,

153 897 259 952 quia
293 911 383 938 non
412 897 620 938 homines
648 897 848 951 diligunt
893 896 973 937 sed
1020 896 1090 937 uel
1138 896 1274 938 bonis
1319 896 1557 937 hominum
1603 895 1673 935 uel

150 964 499 1005 adulacionibus
524 972 565 1005 et
591 964 829 1006 fauoribus
854 963 1109 1004 intendunt.

201 1030 345 1071 Porro
371 1030 453 1071 etsi
483 1031 597 1070 inter
622 1030 746 1071 uiros
774 1039 815 1071 et
841 1030 1052 1070 mulieres
1080 1029 1285 1071 amicicia
1315 1030 1372 1070 sit
1400 1029 1667 1084 periculosa,

152 1097 260 1151 quia
283 1097 456 1150 species
479 1097 757 1139 delectabilis
780 1098 989 1152 fragilem
1009 1097 1214 1138 animum
1241 1097 1431 1138 faciliter
1455 1097 1606 1145 allicit,
1633 1104 1675 1137 et

152 1163 252 1203 uisa
275 1163 518 1216 temptacio
543 1163 768 1203 carnalem
794 1162 1215 1216 concup-iscenciam
1242 1162 1462 1212 accendit,
1491 1175 1543 1203 ac
1567 1174 1675 1213 sepe

151 1229 457 1283 pollucionem
481 1230 645 1271 mentis
664 1237 704 1270 et
726 1230 928 1282 corporis
949 1229 1136 1269 inducit.
1201 1228 1369 1282 Sicque
1391 1228 1675 1270 familiaritas

152 1297 392 1338 mulierum
415 1297 528 1338 uiris
548 1298 592 1337 in
614 1297 933 1338 detrimentum
957 1297 1137 1338 uirtutis
1156 1297 1357 1338 accidere
1380 1297 1505 1338 solet.
1568 1296 1673 1336 Non

152 1370 302 1403 tamen
332 1370 397 1404 est
430 1363 584 1404 illicita
618 1363 693 1403 illa
725 1363 943 1410 amicicia,
993 1363 1134 1403 immo
1180 1363 1420 1410 meritoria,
1466 1362 1505 1403 si
1553 1362 1676 1403 bono
1696 1368 1723 1402 f.
1739 1367 1802 1401 54b

149 1430 307 1471 animo
323 1437 502 1484 agatur,
527 1437 568 1470 et
587 1444 670 1484 pro
693 1430 791 1470 Deo
812 1430 1031 1484 diligitur,
1054 1444 1144 1470 non
1162 1444 1247 1484 pro
1266 1430 1415 1471 carnis
1436 1429 1672 1471 suauitate.

146 1496 197 1537 Si
226 1497 347 1537 enim
379 1496 589 1537 mulieres
614 1510 660 1537 se
689 1510 715 1536 a
742 1497 854 1537 uiris
881 1497 1118 1549 despectas
1144 1503 1390 1547 cernerent,
1423 1504 1464 1537 et
1490 1497 1545 1537 de
1576 1496 1674 1536 Deo

151 1571 545 1618 conquererentur,
571 1565 647 1618 qui
677 1578 751 1605 eas
778 1564 889 1605 tales
911 1572 1103 1605 creasset
1129 1564 1184 1605 de
1211 1564 1379 1618 quibus
1405 1564 1490 1604 uiri
1517 1563 1674 1617 dedig-

152 1638 378 1679 narentur,
409 1639 450 1671 et
478 1632 534 1672 de
561 1631 705 1673 salute
736 1632 925 1673 forsitan
955 1632 1261 1685 desperarent,
1295 1632 1521 1673 desolatas
1552 1632 1673 1672 enim

149 1711 197 1739 se
218 1699 442 1746 estimant,
466 1699 503 1740 si
523 1713 549 1739 a
569 1699 681 1739 uiris
703 1699 944 1740 consilium
967 1700 1039 1739 uel
1060 1699 1282 1740 auxilium
1306 1713 1396 1740 non
1419 1705 1670 1741 assumant.

151 1765 310 1806 Minus
330 1766 501 1820 quippe
524 1766 649 1820 uiget
671 1766 715 1805 in
739 1767 803 1807 eis
827 1767 958 1814 racio,
981 1767 1101 1807 unde
1123 1774 1164 1807 et
1184 1767 1374 1807 faciliter
1396 1767 1673 1808 seducuntur

148 1838 190 1871 et
216 1831 305 1871 cito
332 1831 592 1872 uincuntur.
658 1831 849 1885 Propter
877 1832 999 1886 quod
1026 1832 1219 1872 multum
1248 1832 1456 1884 indigent
1482 1832 1675 1872 consilio

149 1899 392 1939 bonorum.
456 1899 497 1938 A
529 1899 660 1939 malis
686 1912 796 1939 uero
821 1899 937 1939 male
967 1906 1227 1946 tractantur,
1258 1900 1365 1953 quia
1394 1900 1539 1939 multo·
1566 1905 1672 1939 sunt

149 1965 387 2018 proniores
416 1965 472 2006 ad
505 1965 855 2006 delectacionem
889 1965 1140 2019 uoluptatis
1166 1979 1303 2020 quam
1334 1966 1392 2006 ad
1425 1966 1670 2007 claritatem

148 2031 485 2072 sanctitudinis.

208 2097 288 2139 Est
326 2105 368 2138 et
407 2098 601 2152 quedam
642 2099 859 2139 naturalis
897 2098 1087 2139 dileccio
1125 2099 1209 2139 uiri
1243 2098 1302 2139 ad
1337 2098 1586 2148 mulierem,
1630 2102 1671 2136 et

150 2163 353 2204 mulieris
383 2164 441 2204 ad
475 2164 638 2211 uirum,
668 2178 759 2218 qua
791 2164 945 2205 nullus
990 2172 1109 2205 caret
1157 2178 1237 2205 nec
1284 2165 1425 2205 eciam
1473 2170 1670 2210 sanctus,

148 2229 399 2270 secundum
423 2237 628 2270 naturam
649 2244 675 2271 a
697 2231 798 2271 Deo
813 2231 963 2284 primo
985 2231 1252 2282 institutam,
1276 2244 1356 2284 per
1375 2244 1510 2284 quam
1533 2229 1670 2272 simul

148 2296 390 2336 existentes
447 2303 489 2336 et
547 2296 740 2337 inuicem
800 2297 1139 2345 concordantes,
1200 2297 1393 2338 naturali
1454 2297 1668 2338 instinctu

148 2361 372 2401 socialiter
401 2360 609 2401 letantur.
674 2360 775 2415 Que
804 2362 988 2416 quidem
1017 2362 1207 2403 dileccio
1233 2363 1375 2403 eciam
1400 2376 1506 2403 suas
1536 2362 1670 2402 habet

149 2427 475 2468 delectaciones
511 2436 558 2468 ut
598 2428 641 2467 in
674 2429 845 2470 mutuis
877 2429 1116 2482 colloquiis
1152 2436 1194 2469 et
1223 2429 1419 2470 tactibus
1453 2429 1668 2475 honestis,

149 2501 368 2548 grataque
388 2494 744 2543 cohabitacione,
768 2509 846 2542 per
869 2509 1005 2549 quam
1028 2503 1179 2536 tamen
1203 2496 1342 2537 homo
1363 2509 1453 2536 non
1477 2501 1670 2535 meretur

150 2561 236 2602 nisi
258 2562 440 2602 caritate
462 2562 596 2602 fuerit
617 2562 871 2610 informata,
890 2576 971 2603 nec
993 2563 1133 2604 eciam
1153 2564 1406 2604 demeretur
1425 2563 1511 2603 nisi
1536 2563 1669 2604 fuerit

149 2628 282 2682 culpa
316 2628 567 2682 denigrata.
632 2628 682 2669 Si
715 2630 835 2670 enim
869 2629 976 2670 mali
1010 2637 1161 2671 motus
1193 2636 1384 2684 surgant
1419 2643 1472 2670 ex
1502 2628 1669 2683 quibus

142 2694 342 2748 cogitent
376 2694 431 2735 de
466 2694 655 2735 libidine
690 2702 731 2735 et
762 2696 820 2736 ad
858 2697 1003 2749 ipsam
1040 2696 1241 2746 tendant,
1276 2696 1399 2737 since
1435 2695 1577 2736 dubio
1608 2695 1667 2735 rei
