1881 2985
218 203 284 237 232
570 194 810 231 AGAINST
850 196 1040 231 HARSH
1079 196 1402 239 JUDGMENTS

217 311 320 353 aliis
337 312 509 367 utique,
532 313 578 354 in
597 313 686 355 tale
704 311 907 355 culmen1
926 313 1064 354 huius
1079 313 1200 354 exilii
1221 327 1510 369 nequaquam
1529 316 1749 366 exaltatis,

220 393 311 421 non
340 388 406 422 est
432 381 686 422 timendum
714 381 793 423 sed
822 380 982 435 pocius
1025 381 1348 435 gaudendum3
1390 382 1497 437 quia
1540 396 1595 424 ne
1637 383 1749 424 tales

219 446 375 488 fierent
414 461 441 487 a
484 448 583 489 Deo
622 448 773 489 dilecti
817 447 1115 499 refrenantur,
1155 455 1346 490 testante
1386 450 1636 503 psalmista,
1669 450 1747 491 ubi

219 514 356 556 dicit:
401 515 468 556 Ne
504 514 708 557 timueris
743 530 846 557 cum
880 514 1007 556 diues
1035 514 1184 567 sactus
1217 515 1354 568 suerit
1390 517 1539 566 homo,
1569 524 1610 560 et
1645 532 1749 559 cum

216 580 517 635 multiplicata
556 581 694 634 suerit
734 582 882 637 gloria
921 583 1084 624 domus
1127 580 1267 624 eius.2
1362 583 1595 639 Quoniam
1642 596 1748 624 cum

219 648 435 690 interierit
459 663 549 690 non
576 656 723 690 sumet
749 650 904 690 omnia
931 662 1104 704 necque
1130 650 1373 692 descendet
1397 664 1501 692 cum
1525 665 1580 693 eo
1601 651 1748 707 gloria

216 715 326 763 eius,
363 716 504 757 immo
534 730 616 758 nec
648 724 779 772 gutta
810 731 928 772 aque
977 718 1185 771 peruenit
1232 718 1291 759 ad
1334 719 1541 773 linguam
1589 719 1748 761 diuitis

85 788 110 821 f.
129 788 192 822 461>
216 783 417 825 ardentis
440 784 485 824 in
510 784 706 824 inferno.
770 784 969 826 Omnem
992 785 1113 825 enim
1137 785 1332 840 gloriam
1356 799 1486 827 suam
1510 784 1749 827 moriendo

215 850 393 899 amittit,
446 858 488 892 et
540 851 688 892 solum
743 858 977 905 peccatum
1026 866 1161 894 suurn
1216 866 1301 906 pro
1348 866 1441 907 quo
1492 853 1745 894 ineternum

213 917 483 958 cruciabitur
523 932 627 960 cum
652 932 703 959 eo
725 919 783 960 ad
806 927 969 960 terram
993 920 1279 962 tenebrosam
1299 920 1574 974 descendit]

862 1032 975 1076 CAP.
1001 1033 1094 1085 31.3

215 1120 388 1177 (Quare
430 1122 627 1176 perfecte
671 1124 1015 1177 contemplatiui
1061 1124 1271 1167 cantibus
1309 1126 1609 1169 exterioribus
1654 1139 1746 1167 non

326 1190 592 1241 attendunt3
633 1199 675 1231 et
717 1191 772 1232 de
815 1205 962 1232 errore
1001 1192 1436 1245 reprehendencium
1474 1206 1564 1242 eos,
1606 1201 1649 1234 et
1690 1193 1746 1234 de

326 1256 466 1298 modo
481 1257 749 1312 proficiendi
772 1258 817 1298 in
839 1258 1266 1312 contemplacione.)

82 1343 107 1376 f.
127 1344 190 1377 85b
264 1344 495 1400 Quoniam
550 1354 701 1387 autem
762 1348 807 1388 in
867 1348 1055 1389 ecclesia
1113 1354 1320 1389 cantores
1378 1355 1420 1389 et
1478 1348 1747 1391 cantatrices

213 1415 484 1456 ordinantur
506 1416 550 1456 in
573 1416 797 1471 gradibus
815 1417 913 1458 suis
935 1417 1167 1458 constituti
1191 1417 1250 1458 ad
1273 1417 1555 1458 laudandum
1581 1417 1746 1464 Deum,

207 1490 249 1523 et
273 1483 331 1524 ad
353 1484 700 1536 prouocandum
724 1483 949 1537 populum
973 1484 1031 1525 ad
1058 1484 1357 1525 deuocionem
1378 1500 1388 1525 ε
1422 1484 1534 1525 mihi
1561 1484 1747 1539 quidem

212 1559 505 1593 occurrerunt
531 1552 673 1607 aliqui
703 1552 1036 1607 interrogantes
1057 1566 1137 1593 cur
1163 1553 1279 1594 sicut
1305 1553 1438 1593 ceteri
1465 1551 1632 1592 nollem
1660 1550 1747 1591 hoc

208 1632 360 1673 agere,
375 1633 476 1660 cum
497 1633 604 1673 sepe
623 1634 693 1660 me
711 1628 943 1661 cernerent
959 1620 1202 1661 missarum
1223 1619 1495 1672 solempniis
1513 1619 1743 1659 interesse.

210 1685 504 1727 Arbitrantur
523 1687 644 1727 enirn
667 1687 711 1726 in
734 1687 819 1728 hoc
838 1701 910 1728 me
930 1700 1115 1736 errasse,
1134 1694 1387 1728 asserentes
1405 1698 1567 1727 omnes
1582 1684 1746 1726 debere

212 1753 437 1794 modulari
491 1753 784 1807 corporaliter
836 1767 987 1795 coram
1038 1753 1349 1802 Conditorem,
1404 1761 1447 1794 et
1500 1751 1753 1793 musicam4

205 1820 442 1861 exterioris
457 1820 474 1845 5
519 1821 646 1861 uocis
689 1834 948 1874 personare.
1033 1819 1345 1876 Quamobrem
1394 1821 1591 1863 conticui
1638 1819 1746 1874 quia

210 1889 403 1943 qualiter
421 1889 649 1930 melosssad
667 1889 961 1930 mediatorem
980 1890 1126 1940 emisi,
1141 1896 1182 1929 et
1201 1890 1357 1931 dulces
1374 1889 1496 1931 edidi
1516 1889 1743 1941 modulos,

213 1958 406 1999 omnino
435 1958 725 2012 ignorabant.
793 1958 1134 2000 Estimauerunt
1166 1965 1317 1999 autem
1354 1958 1582 1999 neminem
1614 1956 1747 2011 spiri-

210 2025 351 2066 tualia
365 2026 540 2066 cantica
559 2020 829 2079 percepisse,
849 2025 956 2080 quia
974 2025 1061 2079 ipsi
1082 2039 1171 2080 qua
1193 2025 1371 2065 racione
1389 2024 1496 2065 talia
1513 2023 1747 2065 euenirent

215 2091 468 2147 intelligere
504 2093 822 2147 nequiuerunt,
913 2093 969 2133 Et
1004 2093 1183 2134 insania
1217 2092 1445 2147 siquidem
1476 2091 1627 2133 existit
1660 2090 1747 2132 hoc

273 2189 300 2218 l·
329 2191 389 2223 All
410 2192 472 2224 the
494 2192 576 2233 long
599 2194 696 2225 texts
719 2192 803 2224 read
826 2192 990 2232 “omen,’'
1015 2192 1131 2224 which
1150 2203 1259 2224 seems
1285 2187 1438 2233 cor'rupb.
1494 2192 1620 2235 Misyn
1645 2191 1749 2225 reads

209 2235 379 2310 “melogy
395 2236 412 2248 '⁹
439 2235 654 2278 (=od3.m?),
679 2235 745 2269 but
765 2236 902 2278 though
924 2236 998 2268 this
1022 2236 1119 2268 word
1140 2236 1172 2267 is
1190 2235 1276 2268 used
1297 2235 1346 2278 by
1368 2235 1482 2278 Rone,
1507 2236 1537 2268 it
1558 2235 1680 2268 makes
1702 2245 1749 2267 no

204 2289 305 2312 sense
356 2289 423 2311 ere.

269 2325 299 2354 2.
332 2322 468 2356 Psalm.
494 2325 547 2363 48,
572 2324 620 2355 17.

269 2367 298 2397 3.
330 2368 390 2409 (f),
421 2367 448 2399 f.
482 2367 558 2407 536,
588 2366 708 2399 marks
735 2366 810 2399 this
840 2366 1009 2407 chapter:
1039 2366 1177 2398 “Liber
1208 2366 1402 2408 Secundus,
1433 2376 1508 2407 cap.
1542 2365 1566 2407 i,
1579 2366 1597 2381 ''
1630 2376 1671 2399 as
1703 2365 1749 2398 do

215 2411 335 2453 Misyn
395 2411 465 2443 and
496 2411 560 2451 (η).
637 2411 724 2443 This
752 2411 846 2452 MS„
874 2411 948 2443 like
976 2411 1019 2452 (j)
1050 2410 1120 2442 and
1148 2409 1271 2442 unlike
1300 2410 1361 2452 (f),
1391 2409 1489 2452 gives
1510 2410 1573 2442 the
1600 2409 1746 2450 chapter

205 2455 376 2497 headings
396 2456 432 2487 in
451 2455 511 2488 the
529 2456 619 2487 form
639 2456 678 2488 of
696 2467 715 2487 a
735 2456 853 2489 tabula
872 2458 910 2486 at
926 2455 988 2486 the
1004 2454 1085 2486 end.
1135 2453 1212 2486 The
1226 2453 1379 2486 division
1399 2453 1437 2485 of
1455 2453 1517 2487 the
1536 2452 1747 2486 Incendium

204 2499 345 2533 Amoris
373 2499 451 2532 into
479 2498 621 2531 “Liber
648 2498 790 2530 Primus
802 2498 820 2512 '’
854 2498 957 2540 (with
986 2500 1024 2530 30
1049 2497 1227 2539 chapters)
1261 2497 1331 2529 and
1361 2496 1502 2529 “Liber
1533 2496 1715 2529 Secundus
1727 2496 1745 2509 '’

210 2542 312 2583 (with
338 2545 377 2575 12
405 2543 583 2584 chapters)
617 2542 687 2574 and
718 2542 779 2574 the
808 2541 906 2574 table
933 2542 972 2574 of
1003 2541 1149 2582 chapter
1174 2540 1356 2581 headings,
1390 2550 1450 2572 are
1480 2539 1653 2581 probably
1682 2539 1746 2572 the

206 2586 304 2618 work
327 2587 366 2618 of
390 2586 487 2619 John
510 2586 675 2627 Newton,
702 2597 740 2618 or
766 2596 810 2617 an
835 2585 934 2629 early
958 2584 1083 2626 scribe,
1111 2585 1180 2616 and
1207 2587 1269 2616 not,
1295 2583 1406 2616 Rolle.
1456 2584 1514 2616 No
1539 2583 1641 2615 other
1661 2582 1743 2624 long

204 2632 285 2662 text,
311 2629 387 2662 MS.
415 2629 513 2671 gives
536 2629 599 2661 the
622 2629 770 2670 chapter
794 2629 978 2670 headings,
1005 2639 1043 2660 or
1062 2627 1125 2659 the
1146 2627 1299 2659 division
1325 2627 1401 2660 into
1425 2629 1499 2660 two
1523 2626 1652 2665 books;
1679 2637 1744 2659 nor

205 2672 250 2705 do
271 2683 341 2715 any
364 2674 402 2705 of
425 2673 488 2705 the
509 2673 609 2705 short
627 2675 735 2706 texts.
787 2673 850 2705 See
875 2671 1029 2712 Introd„
1057 2683 1113 2720 pp.
1132 2672 1161 2713 7,
1178 2673 1231 2705 64.

265 2718 294 2747 4.
327 2717 371 2759 (f)
396 2716 634 2748 “musicum''
736 2719 768 2749 5.
805 2717 852 2757 (9)
884 2714 1142 2747 “exerciorls.”
1233 2716 1260 2748 6.
1286 2714 1353 2748 Sic.
1398 2713 1503 2748 Rolle
1540 2724 1622 2747 uses
1661 2712 1749 2747 both

203 2761 343 2795 “melos
354 2761 371 2776 ’'
397 2760 469 2793 and
495 2759 693 2793 “melum''
717 2759 774 2793 for
797 2759 1014 2802 “melody.”
