1881 2985
249 192 313 226 192
462 181 574 219 THE
604 183 824 219 PRAYER
855 183 923 218 OF
955 183 991 216 A
1022 182 1243 219 DEVOUT
1274 183 1416 218 POOR
1446 184 1568 218 MAN

244 300 458 342 sissimus
479 307 522 340 et
544 297 808 341 substancia
829 313 929 340 mea
953 299 1179 340 ditissima
1203 307 1245 340 et
1265 299 1530 342 indeficiens
1554 301 1778 344 consistit.

243 364 382 407 Unde
433 366 532 408 sine
585 366 763 407 defectu
811 366 983 417 uiuam,
1030 365 1130 407 sine
1176 365 1332 407 dolore
1385 367 1627 422 gaudeam,
1680 368 1779 409 sine

242 433 428 475 fastidio
464 435 599 484 fruar,
638 443 680 476 et
715 443 757 476 te
792 435 1004 482 amando,
1042 442 1084 475 te
1121 435 1335 483 uidendo‚
1370 435 1415 475 in
1449 442 1491 476 te
1525 434 1775 482 iubilando,

239 502 496 542 eternaliter
533 502 754 544 saciabor.
835 502 906 543 Tu
949 515 998 543 es
1035 502 1155 542 enim
1197 501 1438 543 thesaurus
1479 502 1647 555 meus]
1739 503 1781 545 O

242 582 366 610 mors
394 569 472 610 ubi
506 570 731 610 moraris?
780 583 859 611 cur
890 577 981 610 tam
1015 569 1141 610 tarde
1174 570 1305 611 uenis
1331 570 1391 611 ad
1420 570 1667 624 uiuentem,
1695 571 1775 613 sed

241 636 476 677 mortalem
523 650 602 678 cur
648 650 738 676 non
784 636 1072 690 amplecteris
1114 644 1156 677 te
1202 637 1571 679 desiderantem?
1657 637 1775 692 Quis

108 711 132 744 f.
153 712 216 747 7612
239 704 497 758 excogitare
538 704 730 746 sufficiet
769 712 862 745 tam
904 704 1193 746 dulcedinem
1229 705 1307 759 qui
1348 719 1396 746 es
1431 705 1538 748 finis
1573 705 1773 759 suspirii,

239 771 517 824 principium
540 771 766 820 desiderii,
792 779 923 825 porta
950 771 1252 813 indeficientis
1277 772 1435 827 gaudii
1462 773 1640 825 optati?
1701 772 1772 814 Tu

238 851 285 879 es
310 838 532 879 terminus
555 839 773 887 luctuum,
797 846 915 880 meta
942 839 1123 887 laboris,
1150 840 1337 880 inicium
1364 841 1609 890 fructuum,
1636 841 1773 882 ianua

236 905 526 958 gaudiorum.
606 905 690 954 En,
723 913 864 955 estuo,
901 907 1069 947 anhelo
1103 907 1161 948 ad
1197 915 1263 957 te;
1314 908 1351 949 si
1388 909 1580 960 ueneris,
1617 909 1769 950 statim

231 971 388 1013 saluus
416 976 536 1013 ero.1
601 973 670 1014 Ex
696 987 850 1014 amore
881 987 1079 1028 namque
1112 982 1270 1028 raptus
1299 989 1391 1016 non
1418 989 1608 1030 possum
1640 976 1774 1031 plene

235 1040 405 1094 perfrui
431 1040 553 1095 quod
575 1041 724 1094 cupio,
749 1041 894 1083 donec
915 1049 1163 1096 gustauero
1185 1042 1407 1097 gaudium
1433 1043 1556 1096 quod
1580 1043 1770 1083 daturus

233 1121 293 1149 es.
356 1107 596 1162 Siquidem
627 1109 665 1149 si
696 1116 872 1162 oportet
904 1123 975 1149 me
1008 1109 1256 1157 mortalem,
1290 1109 1431 1150 immo
1455 1109 1562 1164 quia
1591 1115 1769 1163 oportet

234 1188 313 1228 per
351 1182 392 1216 te
430 1175 635 1223 transire,
676 1176 1065 1230 quemadmodum
1105 1177 1382 1218 transierunt
1420 1191 1581 1219 omnes
1618 1184 1770 1232 patres

233 1242 345 1292 mei3
394 1256 507 1297 rogo
539 1257 629 1284 non
663 1244 857 1284 multum
888 1244 1085 1291 differas,
1118 1245 1196 1285 diu
1233 1259 1324 1285 non
1360 1245 1590 1299 elongeris
1623 1259 1650 1286 a
1678 1258 1763 1285 me.

236 1309 350 1350 Ecce
381 1310 501 1350 enim
535 1324 689 1351 amore
722 1311 933 1366 langueo,
966 1312 1080 1352 mori
1109 1312 1330 1361 desidero,
1359 1313 1417 1353 ad
1443 1321 1484 1354 te
1513 1313 1763 1354 inardesco.

234 1377 326 1418 Sed
374 1378 589 1419 nimirum
636 1392 727 1419 non
774 1387 960 1433 propter
1004 1387 1045 1420 te
1090 1380 1170 1421 sed
1213 1387 1399 1434 propter
1443 1380 1729 1422 Saluatorem
1755 1380 1772 1404 2

231 1458 382 1486 meum
425 1445 623 1493 Ihesum,
663 1460 798 1500 quem
837 1454 1081 1501 postquam
1123 1447 1325 1489 habuero
1356 1447 1510 1489 uidere
1547 1462 1681 1502 spero
1720 1448 1764 1488 in

229 1520 449 1553 eternum.
515 1513 556 1555 O
584 1527 708 1554 mors
733 1528 869 1568 quam
894 1515 1067 1556 bonum
1094 1523 1159 1556 est
1185 1516 1404 1556 iudicium
1429 1523 1558 1556 tuum
1588 1513 1763 1556 homini

230 1579 469 1634 indigenti,
513 1580 642 1621 cuius
683 1588 833 1620 tamen
875 1582 1028 1621 anima
1070 1595 1223 1622 amore
1267 1583 1484 1623 melliflua
1526 1584 1644 1624 facta
1684 1589 1763 1629 est,

226 1646 401 1687 homini
425 1647 651 1701 siquidem
679 1647 913 1689 Christum
935 1648 1122 1699 amanti,
1149 1649 1335 1690 celescia
1358 1650 1627 1702 speculanti,
1656 1650 1763 1705 igne

228 1715 430 1770 Spiritus
463 1715 619 1757 Sancti
649 1716 849 1757 suauiter
877 1715 1111 1757 exurenti!
1139 1716 1166 1733 '’

285 1783 477 1837 Capitur
509 1784 679 1838 quippe
712 1792 816 1837 post
849 1792 1039 1824 mortem
1073 1783 1131 1824 ad
1167 1783 1310 1825 melos
1344 1784 1619 1838 angelicum,
1654 1785 1761 1840 quia

125 1857 147 1891 f.
166 1859 207 1894 77
227 1851 369 1892 eciam
398 1852 444 1891 in
474 1851 648 1892 musica
676 1865 729 1891 ex
759 1851 920 1904 spiritu
952 1857 1151 1904 purgato
1178 1851 1522 1904 proficiscente3
1551 1852 1763 1894 immora-

225 1927 313 1960 tur.
378 1918 496 1959 Nam
528 1926 569 1959 et
598 1919 642 1958 in
673 1917 791 1958 melo
816 1918 1034 1958 morietur
1060 1917 1346 1971 premirifico,
1379 1919 1456 1972 qui
1489 1919 1758 1960 mellifluum

225 2000 390 2027 nomen
418 1986 583 2026 uiuens
607 1984 873 2026 medullitus
896 1984 1151 2032 meditatur,
1175 1992 1312 2038 atque
1335 1984 1631 2027 obuiantibus
1654 1998 1757 2026 cum

224 2055 430 2107 himpnis
469 2053 697 2106 olimpicis
737 2053 1017 2107 agminibus,
1059 2066 1161 2093 cum
1203 2052 1374 2092 honore
1413 2059 1671 2092 assumetur
1711 2051 1756 2091 in

224 2122 377 2163 aulam
405 2118 726 2174 imperatoris4
756 2119 912 2170 eterni,
944 2118 1166 2160 assistens
1196 2119 1310 2160 inter
1338 2118 1548 2160 celicolas
1580 2118 1626 2158 in
1654 2116 1761 2160 sede

221 2189 363 2229 beata.
427 2188 502 2228 Ad
525 2188 611 2229 hoc
634 2195 785 2228 autem
810 2200 913 2227 eum
937 2186 1100 2227 caritas
1125 2186 1349 2240 perduxit,
1376 2194 1423 2226 ut
1449 2194 1541 2226 tam
1567 2185 1755 2227 delicate

222 2256 411 2296 interius
443 2255 627 2302 uiueret,
661 2263 702 2295 et
733 2254 888 2295 omnia
921 2267 1008 2308 que
1041 2253 1254 2294 occidunt
1284 2252 1471 2293 letanter
1499 2252 1752 2297 sustineret,

222 2330 503 2377 mortemque
536 2335 626 2362 non
665 2335 768 2362 cum
805 2322 990 2362 horrore
1025 2320 1104 2362 sed
1134 2334 1236 2362 cum
1274 2320 1459 2361 dulcore
1496 2319 1744 2373 cogitaret:

220 2390 361 2430 immo
395 2396 503 2430 tunc
536 2402 583 2430 se
617 2402 722 2429 uere
753 2388 908 2429 uiuere
941 2388 1196 2436 arbitratur,
1229 2387 1416 2442 quando
1443 2388 1500 2428 ab
1533 2386 1620 2427 hac
1654 2386 1752 2425 luce

218 2457 410 2497 transire
442 2456 505 2496 illi
537 2456 757 2496 donatum
789 2463 871 2497 est.

276 2523 318 2566 O
337 2523 483 2565 dulcis
504 2523 680 2571 caritas,
694 2530 740 2563 tu
765 2537 812 2565 es
833 2523 967 2573 plane
988 2522 1183 2563 dulcedo
1202 2522 1448 2569 carissima,
1471 2534 1557 2572 que
1577 2526 1752 2560 mentes

217 2604 354 2645 quarn
384 2598 463 2631 tuo
487 2591 614 2644 capis
638 2590 795 2638 amori,
821 2598 913 2631 tam
941 2590 1056 2631 clare
1084 2590 1294 2638 inebrias,
1323 2589 1446 2644 quod
1473 2589 1562 2629 cito
1587 2592 1748 2628 cuncta

279 2682 306 2711 l.
337 2678 389 2712 Cf
409 2689 439 2721 p.
457 2679 532 2719 278,
550 2677 766 2720 concluding
778 2681 966 2710 sentences
982 2677 1019 2710 of
1035 2677 1136 2710 short
1152 2680 1233 2710 text
1249 2677 1320 2710 and
1338 2677 1423 2719 long
1438 2681 1528 2709 text.

275 2724 306 2754 2.
332 2721 439 2755 Short
461 2705 570 2752 texts.
631 2721 724 2752 ‘Sed
745 2721 912 2752 nimirum
937 2723 1080 2762 propter
1106 2720 1323 2752 Saluatorem
1347 2731 1463 2751 meum
1485 2719 1640 2758 Ihesum,
1643 2717 1705 2741 —’'

274 2768 306 2799 3.
333 2765 438 2797 Short
455 2765 581 2797 texts‘
585 2763 843 2806 ‘proficientefl
935 2768 963 2798 4.
986 2765 1043 2797 Cf.
1068 2763 1254 2805 Prologue‚
1276 2774 1309 2805 p.
1334 2766 1404 2798 146.
