1881 2985
253 201 365 239 THE
398 202 580 239 LOVER
611 201 768 237 MADE
800 199 931 237 LIKE
962 198 1031 233 TO
1065 198 1156 233 HIS
1190 198 1442 235 BELOVED
1547 208 1611 242 195

85 323 278 372 semper.
343 317 433 371 Qui
458 331 568 372 ergo
592 318 636 357 in
662 316 916 358 diuinitatis
939 328 1091 356 amore
1115 313 1339 362 uixerunt,
1367 322 1407 354 et
1434 315 1609 354 interna

86 385 334 440 flagrancia
357 385 558 426 suauiter
580 384 810 431 ardebant,
836 383 881 423 in
906 389 1047 423 morte
1074 382 1288 421 nimirum
1312 380 1410 421 sine
1436 380 1608 426 timore,
1629 379 1652 414 f.
1671 382 1713 415 79

88 452 227 492 immo
252 465 354 492 cum
388 452 560 506 gaudio
589 452 646 493 ab
679 451 762 491 hac
794 450 891 491 luce
923 456 1182 499 transeunt3
1215 455 1257 488 et
1289 454 1391 502 post
1420 453 1609 487 mortem

86 518 273 558 celescia
305 531 444 572 regna
476 518 662 558 feliciter
688 517 955 558 ascendunt.

142 583 329 624 Amoris
372 597 483 637 ergo
523 584 668 624 diuini
716 583 911 624 incendii
955 590 1021 623 est
1067 588 1261 622 mentem
1307 594 1443 635 quam
1492 578 1612 631 capit

88 652 355 694 uulnerare:
407 662 455 693 ut
494 653 626 701 dicat,
672 652 973 693 “Uulnerata
1016 663 1117 691 sum
1162 662 1250 704 ego
1289 645 1524 698 caritate‚'’
1571 654 1612 687 et

86 719 227 760 eciam
265 720 531 774 languidam
566 720 709 760 facere
751 732 832 772 pro
866 731 1031 768 amore,
1067 717 1207 771 (unde
1241 715 1406 756 dicitur
1440 716 1611 756 Amore

89 786 385 839 langueo,1)et
414 786 664 827 inebriare:
700 793 748 826 ut
776 786 839 827 sic
867 785 1020 825 tendat
1047 784 1104 824 ad
1133 783 1361 830 dilectum,
1391 781 1513 836 quod
1541 780 1611 822 sui

89 852 235 905 ipsius
281 859 323 892 et
370 853 575 893 omniurn
627 865 773 892 rerum
821 851 1117 892 obliuiscatur
1166 857 1313 905 preter
1358 849 1609 891 Christum.

91 919 267 960 Idcirco
304 919 395 959 ait:
444 919 571 960 Pone
612 933 682 959 me
727 925 777 960 ut
814 917 1105 972 signaculum
1145 922 1282 970 super
1327 930 1402 958 cor
1445 916 1613 956 tuum.2

88 986 284 1041 [Quid3
319 986 439 1027 enirn
473 994 539 1027 est
571 999 697 1026 amor
723 987 808 1027 nisi
841 986 1186 1026 transformacio
1219 984 1408 1025 affectus
1440 984 1484 1024 in
1522 996 1613 1024 rem

84 1054 318 1095 amatam?
381 1053 468 1095 Uel
494 1067 622 1094 amor
647 1061 712 1094 est
737 1066 957 1107 magnum
981 1051 1255 1093 desiderium
1283 1050 1476 1106 pulchri,
1505 1050 1615 1092 boni

89 1130 131 1164 et
166 1123 389 1170 amabilis,
424 1136 525 1164 cum
568 1122 915 1162 continuacione
951 1120 1287 1174 cogitacionum
1324 1117 1613 1159 tendencium

93 1189 138 1229 in
176 1189 220 1229 id
253 1189 374 1243 quod
407 1195 557 1229 amat:
601 1188 724 1242 quod
759 1201 860 1228 cum
898 1187 1104 1227 habuerit
1141 1194 1249 1227 tunc
1285 1185 1469 1241 gaudet,
1510 1185 1618 1239 quia

91 1256 312 1310 gaudium
346 1269 436 1296 non
469 1262 679 1296 causatur
711 1255 797 1295 nisi
829 1268 882 1294 ex
913 1267 1078 1294 amore.
1142 1252 1435 1294 Assimilatus
1465 1258 1615 1293 autem

91 1323 241 1364 omnis
271 1336 432 1363 amans
461 1336 544 1363 suo
578 1329 741 1369 amato,
771 1329 813 1361 et
843 1321 1035 1362 similem
1073 1321 1179 1361 facit
1212 1333 1339 1361 amor
1375 1319 1501 1359 illum
1538 1317 1615 1372 qui

90 1398 211 1430 amat
240 1390 279 1430 ei
312 1389 433 1443 quod
461 1396 651 1429 amatur.
717 1388 875 1428 Amari
906 1395 1055 1428 autern
1086 1400 1165 1427 nec
1197 1387 1325 1427 Deus
1355 1399 1435 1427 nec
1463 1385 1617 1438 aliqua

92 1464 293 1498 creatura
329 1456 604 1510 dedignatur
641 1456 711 1495 uel
752 1455 950 1507 respuit:
998 1454 1139 1494 immo
1176 1453 1362 1494 letanter
1399 1466 1446 1494 se
1484 1451 1615 1506 diligi

90 1536 250 1564 omnes
275 1523 484 1570 fatentur,
509 1529 550 1563 et
578 1535 731 1563 amore
758 1521 1006 1562 iocundari.
1072 1520 1177 1561 Non
1203 1526 1353 1561 autem
1383 1519 1618 1560 tristantur

94 1591 138 1630 in
188 1589 387 1630 amando
435 1589 520 1629 nisi
569 1589 799 1642 ingratum
850 1587 1102 1635 dilexerint,
1150 1587 1222 1628 uel
1271 1587 1309 1628 si
1359 1587 1444 1627 hoc
1495 1584 1617 1639 quod

92 1657 330 1712 diligendo
363 1657 621 1711 quesierant
653 1670 700 1697 se
733 1656 925 1709 adipisci
960 1668 1094 1709 posse
1127 1655 1382 1707 desperant.
1446 1651 1540 1693 Ista
1573 1651 1617 1691 in

91 1736 245 1763 amore
283 1723 367 1763 Dei
403 1737 637 1777 nunquam
670 1729 788 1770 sunt,
827 1722 905 1763 sed
937 1721 981 1761 in
1013 1734 1166 1761 amore
1202 1733 1309 1774 sepe
1344 1720 1619 1773 contingunt

94 1790 253 1831 mundi
285 1798 326 1831 et
350 1790 606 1830 mulierum.

152 1856 257 1897 Non
280 1857 428 1897 audeo
451 1857 597 1897 dicere
618 1869 800 1896 omnem
824 1868 1023 1896 amorem
1053 1856 1224 1896 bonurn
1252 1868 1349 1895 esse
1370 1869 1378 1893 :
1414 1853 1520 1909 quia
1546 1852 1619 1892 ille

88 1936 217 1964 amor
241 1923 317 1977 qui
341 1923 491 1977 magis
514 1922 759 1963 delectatur
787 1923 831 1962 in
858 1929 1061 1963 creatura
1087 1935 1223 1975 quam
1252 1922 1296 1961 in
1321 1920 1549 1970 Creatore,
1578 1927 1619 1959 et

95 1991 308 2044 proponit
337 1991 729 2031 delectabilitatem
759 1990 955 2031 uisibilis
982 1990 1146 2042 speciei
1176 1987 1464 2029 intellectuali
1491 1987 1619 2029 clari-

96 2057 188 2104 tati,
222 2057 370 2097 malus
402 2064 466 2098 est
495 2064 536 2097 et
562 2057 759 2105 odibilis,
789 2058 895 2111 quia
923 2057 1085 2097 auertit
1116 2059 1174 2099 ab
1209 2063 1364 2097 eterno
1393 2068 1547 2096 amore
1578 2061 1619 2095 et

94 2124 316 2164 conuertit
354 2124 412 2164 ad
451 2125 758 2177 temporalem,
799 2124 876 2178 qui
916 2124 1078 2164 durare
1118 2137 1208 2164 non
1246 2130 1407 2177 potest.
1488 2121 1619 2162 Forte

96 2198 246 2230 tamen
270 2190 422 2231 minus
444 2192 669 2244 punietur,
694 2192 799 2246 quia
825 2191 974 2244 magis
997 2190 1189 2230 intendit
1212 2198 1253 2231 et
1277 2190 1445 2245 gaudet
1468 2202 1620 2231 amare

96 2264 139 2297 et
179 2257 334 2304 amari,
379 2270 514 2311 quam
557 2257 708 2298 fedare
753 2265 793 2298 et
841 2258 1000 2298 fedari.
1078 2255 1263 2310 Quanto
1307 2264 1509 2298 creatura
1553 2261 1620 2296 est

97 2323 328 2376 pulchrior
373 2330 500 2364 tanto
545 2324 589 2363 in
632 2324 775 2366 oculis
814 2324 1019 2366 omnium
1068 2331 1133 2365 est
1178 2323 1431 2364 amabilior.
1512 2321 1619 2361 Ideo

158 2409 185 2437 1.
214 2406 332 2444 Οαηῂ,
348 2407 379 2445 2,
399 2408 428 2437 5.
567 2409 596 2438 2.
624 2406 740 2448 Cant„
763 2409 794 2447 8,
814 2410 843 2440 6.

163 2450 191 2479 3.
222 2448 280 2489 (]’),
306 2449 331 2480 f.
358 2450 409 2488 79,
433 2449 505 2481 like
526 2449 588 2481 the
609 2450 709 2481 other
732 2450 831 2481 short,
855 2451 964 2490 texts,
989 2449 1075 2480 has:
1131 2449 1255 2489 “Quid
1278 2449 1368 2481 enim
1412 2473 1622 2482 ......

90 2495 261 2525 amatam.
296 2493 409 2524 Amor
427 2492 521 2525 enim
542 2492 654 2524 dulcis
678 2496 715 2525 eb
743 2493 892 2525 deuotus
921 2503 978 2524 cor
1003 2493 1038 2524 in
1070 2492 1193 2524 diuina
1223 2492 1409 2524 dulcedine
1437 2490 1617 2529 resoluit,’‘

91 2546 136 2609 pil
154 2537 226 2574 196,
249 2535 332 2608 tbps
355 2534 502 2608 sl}ghltlly
522 2535 671 2579 altering
694 2536 755 2567 the
778 2539 856 2567 text,
878 2541 915 2568 to
939 2546 1041 2567 cover
1064 2535 1127 2567 the
1149 2535 1324 2583 omission.
1373 2535 1491 2582 Later,
1517 2533 1619 2564 when

96 2581 342 2653 Ersstfflffldssf
358 2589 396 2652 Sf
424 2580 489 2652 {112
505 2578 706 2663 Sssfflessiss‘}
728 2578 1136 2656 {Effldcaflessissffpeaffl
1159 2577 1621 2654 ssgsstsffisspli'oc‘ssffidnssssi

95 2664 293 2706 paragraph
309 2664 436 2696 chosen
458 2666 512 2696 for
530 2665 689 2706 copying.
739 2665 796 2697 Cf.
815 2675 872 2705 pp.
886 2666 962 2705 221,
977 2666 1009 2703 2,
1029 2667 1059 2703 3,
1078 2668 1194 2697 noteS.

164 2708 315 2739 Newton
346 2707 409 2739 has
438 2707 520 2739 here
550 2707 671 2748 copied
702 2708 764 2739 the
791 2708 941 2740 omitted
986 2718 1135 2750 passage
1177 2718 1223 2740 on
1263 2718 1285 2740 a
1325 2707 1431 2740 small
1468 2705 1628 2739 inserted

97 2750 198 2791 folio,
223 2750 404 2792 evidently
424 2751 570 2782 because
593 2751 637 2782 he
656 2751 766 2783 found
789 2751 818 2782 it
840 2755 898 2783 too
916 2750 997 2791 long
1017 2753 1056 2783 to
1079 2750 1182 2782 write
1203 2750 1239 2781 in
1261 2750 1323 2782 the
1345 2749 1492 2790 margin.
