1881 2985
628 191 888 229 INTERIOR
930 191 1142 227 GRACES
1582 204 1647 237 257

120 321 272 349 coram
296 308 511 349 omnibus
530 308 544 332 1
572 321 661 348 non
684 307 982 360 amplectitur,
1011 320 1092 349 nec
1116 307 1414 348 amicabiliter
1439 322 1537 348 eam
1563 309 1641 349 sed

125 373 427 414 communiter
499 373 816 413 tantummodo
874 372 997 413 uelut
1071 378 1329 412 extraneam
1396 372 1641 413 osculatur.

124 437 344 490 Separata
360 445 476 479 certe
494 438 550 479 de
569 438 732 479 alienis
751 438 954 492 negociis
973 437 1138 478 deuota
1158 438 1323 488 anima,
1344 446 1435 478 tarn
1459 451 1646 490 corpore

123 516 260 556 quam
284 509 432 543 mente
451 509 494 543 et
514 503 625 544 solis
647 503 816 544 Christi
838 502 1163 545 blandimentis
1182 502 1270 542 frui
1291 502 1567 549 desiderans,
1586 502 1643 542 ad

125 568 275 621 ipsum
305 582 486 624 quoque
516 570 819 620 inardescens,
850 569 977 610 adest
1007 583 1113 610 mox
1144 569 1189 609 in
1220 569 1500 622 melliphona
1530 568 1644 609 iubi-

125 634 311 682 lacione,
351 642 392 675 et
430 649 528 676 eam
561 635 826 676 mirabiliter
859 635 1111 676 iocundans
1145 643 1325 675 emanat
1357 635 1397 675 ei
1437 634 1645 682 melodia,

121 701 254 742 cuius
277 702 464 756 signum
492 702 668 755 accipit,
700 702 821 756 quod
851 702 939 742 iam
970 701 1158 743 ulterius
1187 715 1350 742 sonum
1380 702 1644 742 exteriorem

126 767 317 808 libenter
344 781 435 808 non
465 768 718 809 sustinebit.
783 767 838 808 Et
862 768 943 808 hec
970 775 1036 808 est
1065 768 1237 809 musica
1265 766 1528 820 spiritualis,
1560 779 1648 821 que

126 834 361 889 incognita
399 843 551 876 monet
589 835 807 876 omnibus
844 835 921 888 qui
957 834 1097 875 seculi
1144 834 1348 888 negociis
1393 834 1527 875 licitis
1571 833 1644 873 uel

126 899 295 941 illicitis
324 907 627 954 occupantur;
661 914 742 941 nec
770 908 835 941 est
864 900 1031 955 aliquis
1061 900 1138 955 qui
1165 913 1263 940 eam
1294 900 1421 941 nouit
1450 900 1537 941 nisi
1568 899 1644 954 qui

124 967 209 1008 soli
236 967 335 1026 Deo
359 980 519 1008 uacare
539 967 724 1008 studuit.

785 1096 894 1139 CAP.
926 1097 994 1148 38.

126 1184 436 1237 (Desiderium
464 1185 659 1226 amantis
686 1186 743 1226 ad
770 1185 919 1226 Deum
946 1186 1228 1238 explicatur:
1264 1194 1306 1226 et
1332 1199 1460 1226 amor
1487 1184 1646 1226 mundi

239 1250 521 1292 detestabilis
582 1251 737 1292 multis
800 1251 1022 1304 exemplis
1079 1251 1355 1301 declaratur3
1417 1258 1459 1291 et
1524 1251 1646 1305 quod

240 1319 456 1360 memoria
482 1320 566 1360 Dei
592 1320 636 1360 in
662 1320 820 1360 mundi
843 1320 1124 1361 amatoribus
1146 1333 1237 1361 non
1260 1320 1495 1371 moratur.)

182 1408 456 1460 [Insolubili
487 1422 593 1450 uero
625 1409 747 1450 nodo
771 1422 971 1449 amorem
1004 1415 1132 1449 tuum
1163 1407 1311 1450 dulcis
1343 1408 1477 1449 Ihesu
1506 1408 1551 1448 in
1583 1421 1655 1449 me
1670 1413 1693 1445 f.
1711 1412 1775 1446 50b

124 1476 279 1530 alligo,
300 1488 495 1530 querens
514 1474 776 1516 thesaurum
801 1488 935 1528 quem
957 1481 1137 1527 exopto,
1164 1481 1205 1514 et
1225 1474 1459 1528 langorem
1484 1473 1648 1527 iugiter

127 1542 325 1589 inuenio,
356 1541 463 1596 quia
492 1541 535 1580 in
559 1548 601 1581 te
625 1541 748 1582 sitire
776 1554 865 1581 non
895 1554 1050 1582 cesso:
1084 1540 1205 1591 hinc,
1238 1548 1285 1580 ut
1313 1546 1490 1590 uentus,
1520 1539 1649 1580 dolor

128 1623 254 1650 meus
286 1615 460 1656 euanet,
490 1621 594 1648 nam
628 1607 851 1661 premium
884 1621 1034 1648 meum
1068 1607 1210 1648 melos
1241 1614 1306 1648 est
1339 1606 1461 1661 quod
1496 1606 1648 1647 nullus

127 1675 365 1716 hominum
418 1675 554 1723 uidet,
608 1674 653 1715 in
706 1675 931 1715 canticum
983 1687 1206 1727 persuaue
1259 1673 1443 1714 interior
1490 1680 1650 1713 natura

130 1742 332 1792 uertitur,
363 1749 404 1783 et
427 1756 515 1796 ego
539 1756 617 1796 pre
641 1755 793 1783 amore
820 1742 933 1782 mori
961 1742 1173 1796 langueo.

186 1809 423 1850 Delectant
448 1809 594 1850 lucide
620 1809 965 1863 magnitudines
989 1822 1227 1850 munerum
1254 1816 1295 1849 et
1319 1809 1521 1850 cruciant
1545 1821 1648 1850 cum

127 1877 300 1931 gaudio
329 1890 566 1918 successus
595 1878 777 1925 amoris,
810 1877 918 1918 dum
950 1877 1171 1918 accedunt
1202 1890 1289 1931 que
1321 1877 1571 1930 suscipiant
1597 1889 1651 1916 ac
1669 1879 1694 1912 f.
1713 1881 1752 1912 51

126 1944 420 1997 suscipiendo
445 1944 661 1984 reficiant.
748 1943 840 1985 Sed
867 1944 1031 1984 desunt
1058 1957 1145 1998 que
1170 1944 1383 1984 dilectum
1412 1941 1648 1996 languenti

126 2010 381 2057 ostendant,
420 2016 468 2050 ut
506 2009 749 2063 langueam
790 2009 1044 2057 uulnerant,
1085 2016 1127 2049 et
1167 2008 1401 2063 langorem
1444 2006 1648 2048 nondum

128 2078 260 2131 plene
299 2084 474 2125 sanant,
513 2077 653 2118 immo
687 2077 837 2131 magis
875 2085 1045 2131 augent
1085 2077 1193 2131 quia
1231 2082 1457 2117 crescente
1496 2087 1649 2115 amore

128 2144 290 2198 langor
315 2151 651 2198 augmentatur.
715 2143 792 2185 Sic
819 2143 966 2197 deficit
991 2143 1039 2184 iu
1061 2144 1212 2184 dolore
1235 2142 1329 2183 uita
1351 2156 1451 2183 mea
1476 2148 1517 2184 et
1540 2142 1650 2183 anni

127 2214 217 2253 mei
239 2212 288 2252 in
311 2211 556 2265 gemitibus
576 2218 592 2241 2
616 2211 722 2265 quia
741 2210 925 2251 differor
946 2224 972 2250 a
994 2209 1173 2259 dilecto,
1197 2217 1241 2249 et
1263 2209 1468 2249 differtur
1491 2207 1650 2248 mortis

128 2282 402 2324 desiderium
431 2287 473 2320 et
503 2286 702 2320 moratur
731 2277 955 2318 medicina
984 2277 1277 2329 miserorum3
1306 2283 1347 2316 et
1374 2274 1650 2316 clamoribus

125 2361 354 2402 consurgo
392 2353 434 2387 et
464 2346 568 2386 aio:
615 2345 722 2386 Heu
754 2343 868 2384 mihi
905 2342 1009 2398 quia
1042 2343 1266 2384 incolatus
1304 2356 1432 2382 meus
1471 2340 1648 2394 prrolon-

127 2422 262 2470 gatus
302 2413 407 2455 est.3
467 2414 611 2454 Amor
648 2419 713 2452 est
751 2411 874 2466 quod
911 2410 1092 2457 cruciat,
1128 2422 1256 2449 amor
1289 2408 1411 2463 quod
1444 2408 1645 2448 delectat.

128 2483 341 2525 Cruciat:
391 2479 498 2534 quia
537 2491 628 2519 non
669 2478 758 2518 cito
793 2476 1005 2517 tribuitur
1047 2475 1169 2529 quod
1210 2473 1403 2514 multum
1444 2478 1645 2520 amatur;

126 2546 401 2587 delectatur:
448 2543 554 2598 quia
591 2550 631 2583 et
670 2555 750 2596 spe
785 2541 938 2591 reficit,
974 2547 1015 2581 et
1054 2540 1401 2581 inestimabilem
1440 2537 1644 2580 consola-

123 2614 301 2656 -cionem
325 2612 369 2652 in
390 2611 501 2664 ipsis
518 2609 758 2650 ardoribus
776 2608 992 2651 infundit.
1049 2608 1276 2648 Accrescit
1293 2605 1457 2647 etenim
1482 2604 1644 2656 langor

182 2716 209 2745 1.
240 2712 290 2754 (lc)
315 2710 582 2743 “hominibus.”

183 2760 214 2790 2.
258 2756 392 2790 Psalm.
424 2758 477 2797 30,
504 2757 553 2786 11.
639 2755 670 2787 3.
705 2752 833 2787 Psalm.
861 2753 933 2791 119,
952 2753 983 2784 5.

210 2824 237 2849 R
