1881 2985
553 183 589 216 A
615 182 824 219 SOLACE
851 182 909 216 IN
937 182 1045 216 OUR
1071 181 1240 219 EXILE
1595 186 1660 228 265

138 295 289 338 habet.
381 297 421 336 A
452 296 552 338 Deo
583 297 703 338 enirn
737 304 802 338 est
834 304 881 337 ut
914 297 1028 337 inter
1057 296 1335 339 calamitates
1368 298 1505 339 huius
1536 298 1657 339 exilii

137 363 386 403 amicorum
418 363 703 404 refouearnur
731 364 933 405 consiliis
959 371 999 404 et
1026 364 1222 414 auxiliis,
1252 364 1396 406 donec
1422 366 1480 405 ad
1508 365 1657 417 ipsum

138 428 471 481 pemeniamus,
500 430 577 470 ubi
605 443 764 470 omnes
787 429 955 470 erimus
976 429 1196 470 docibiles
1224 430 1324 477 Dei,
1353 438 1394 470 et
1422 431 1465 470 in
1495 431 1659 471 eternis

137 493 323 535 sedibus
348 495 475 535 beate
501 495 720 546 collocati,
750 496 795 535 in
820 495 921 549 ipso
944 509 1076 549 quem
1099 493 1344 537 dileximus
1368 504 1409 537 et
1436 497 1480 536 in
1506 510 1597 551 quo
1618 505 1659 538 et

138 574 221 614 pro
257 575 347 616 quo
381 563 553 604 amicos
589 563 822 611 habemus,
857 564 955 604 sine
991 562 1079 603 fine
1115 563 1378 618 gloriemur.
1473 564 1546 606 Ab
1576 564 1661 606 hac

140 629 346 670 amicicia
420 630 645 672 neminem
713 631 917 684 excipere
979 644 1166 683 possum
1241 637 1662 684 quantumcumque

137 704 358 745 sanctum,
388 699 465 752 qui
492 712 544 739 ea
569 699 785 753 indigeat,
817 699 904 740 nisi
928 698 1042 740 forte
1068 698 1236 752 aliquis
1262 698 1365 739 talis
1391 697 1448 739 sit
1468 697 1541 739 cui
1569 709 1659 737 non

138 763 346 805 homines
382 765 461 806 sed
497 765 649 819 angeli
686 766 1010 806 ministrarent.
1107 765 1225 807 Sunt
1261 772 1411 806 autem
1451 763 1660 805 nonnulli

138 831 215 885 qui
242 831 403 871 diuino
425 845 577 872 amore
605 832 809 879 iubilant,
839 840 879 872 et
905 833 1001 873 eius
1023 832 1263 874 dulcedine
1291 833 1351 872 ita
1380 832 1661 872 inebriantur

139 897 263 951 quod
288 897 435 938 dicere
462 899 666 952 possint:
694 900 866 940 Renuit
894 899 1117 941 consolari
1143 900 1296 940 anima
1320 913 1420 940 mea
1446 898 1658 947 terrena‚1

136 965 306 1006 scilicet
337 966 654 1007 consolacione
686 980 775 1021 qua
805 974 1029 1008 amatores
1059 967 1217 1007 mundi
1250 980 1297 1007 se
1329 966 1524 1006 inuicem
1556 978 1660 1006 con-

137 1032 355 1073 solantur.
451 1033 642 1086 Oportet
706 1041 856 1074 tamen
917 1041 964 1074 ut
1027 1033 1277 1074 secundum
1347 1040 1553 1073 naturam
1620 1038 1661 1071 et

137 1100 389 1141 secundum
419 1101 619 1155 graciam
647 1101 692 1140 in
723 1101 811 1142 hiis
841 1114 927 1155 que
955 1101 1132 1155 corpori
1161 1114 1247 1142 suo
1274 1108 1380 1141 sunt
1410 1099 1662 1141 necessaria

137 1174 179 1206 et
201 1167 245 1206 in
269 1167 535 1209 hominibus
552 1168 843 1209 delectentur.
894 1168 1011 1222 Quis
1032 1169 1152 1209 enim
1174 1168 1369 1209 comedit
1388 1168 1460 1209 uel
1481 1167 1661 1215 dormit,

138 1233 210 1274 uel
246 1234 571 1275 recreacionem
603 1249 630 1274 a
656 1235 803 1275 calore
837 1236 908 1276 uel
940 1235 1109 1290 frigore
1143 1235 1307 1288 accipit
1343 1236 1440 1276 sine
1470 1235 1661 1276 delecta-

137 1300 301 1340 cione?
364 1299 482 1354 Quis
510 1301 644 1342 habet
674 1302 886 1349 amicum,
914 1309 955 1342 et
986 1302 1030 1341 in
1064 1302 1161 1344 eius
1194 1303 1428 1355 presencia
1459 1301 1664 1355 alloquio

137 1374 179 1406 et
224 1366 565 1408 cohabitacione
608 1375 650 1408 et
694 1368 1048 1421 participacione
1092 1369 1201 1409 boni
1244 1382 1335 1408 non
1381 1368 1662 1409 delectatur?

139 1432 271 1473 Certe
300 1433 467 1483 nullus,
500 1433 585 1474 nisi
611 1433 868 1475 insensatus
894 1442 935 1474 et
964 1435 1142 1475 racione
1168 1448 1337 1483 carens,
1367 1435 1473 1489 quia
1501 1435 1545 1474 in
1574 1434 1663 1475 hiis

138 1507 179 1541 et
215 1500 260 1540 in
294 1500 395 1541 aliis
425 1501 687 1542 huiusmodi
724 1503 985 1543 consolatur
1015 1502 1109 1542 uita
1144 1502 1360 1553 humana,
1394 1503 1537 1543 eciam
1575 1515 1663 1556 que

137 1568 423 1609 sanctissima
448 1576 513 1609 est
538 1576 578 1609 et
603 1568 787 1610 uberius
814 1570 858 1609 in
887 1569 987 1610 Deo
1013 1570 1196 1624 gaudet.

195 1633 299 1674 Non
322 1647 431 1688 ergo
455 1635 510 1675 de
534 1634 701 1677 talibus
726 1635 1074 1690 intelligendum
1097 1644 1162 1677 est
1187 1636 1298 1677 illud
1319 1652 1328 1677 :
1360 1636 1533 1679 Resnuz't
1558 1650 1661 1679 con-

136 1701 273 1742 solari
293 1702 446 1743 anima
473 1717 584 1753 mea,
612 1704 690 1744 sed
718 1704 773 1744 de
803 1704 955 1744 fetidis
980 1712 1022 1744 et
1051 1704 1301 1746 immundis
1328 1712 1464 1759 atque
1494 1705 1662 1746 illicitis

135 1769 533 1811 consolacionibus
614 1771 967 1811 mundanorum.
1082 1771 1248 1813 Postea
1326 1773 1447 1812 enim
1529 1771 1659 1814 dixit.

136 1835 383 1878 Delectasti
415 1836 534 1877 enim
565 1850 636 1877 me
667 1837 866 1878 Domine
896 1837 943 1878 in
970 1837 1145 1889 factura
1178 1844 1266 1886 tua,
1299 1844 1340 1880 et
1366 1839 1414 1879 in
1447 1839 1661 1893 operibus

135 1916 357 1944 manuum
404 1907 583 1944 tuarum
635 1904 878 1945 exultabo.2
967 1904 1086 1959 Quis
1120 1913 1257 1960 negat
1293 1906 1420 1946 illum
1456 1905 1661 1947 consola-

135 1968 312 2009 cionem
344 1970 547 2023 accipere
576 1971 653 2026 qui
691 1971 735 2011 in
770 1973 985 2026 operibus
1023 1973 1108 2013 Dei
1144 1987 1191 2015 se
1227 1973 1391 2014 fatetur
1426 1974 1660 2015 exultare?

135 2036 228 2078 Sed
242 2037 313 2077 uir
330 2037 553 2090 insipiens
571 2053 665 2079 non
684 2046 927 2092 cognoscet
947 2046 987 2082 et
1005 2040 1170 2082 stultus
1188 2055 1282 2082 non
1300 2042 1523 2095 intelliget
1544 2043 1637 2083 hec.
1650 2041 1667 2065 3

139 2103 324 2145 Habent
354 2118 463 2145 uero
493 2105 679 2160 quidam
709 2107 855 2148 zelum
890 2108 975 2148 Dei
1002 2109 1080 2149 sed
1113 2123 1203 2150 non
1235 2110 1486 2151 secundum
1518 2110 1660 2152 scien-

137 2172 266 2219 ciam,
323 2173 400 2226 qui
460 2173 569 2213 dum
626 2174 856 2227 superflua
914 2176 1097 2216 student
1154 2176 1346 2228 abicere,
1405 2178 1546 2219 eciam
1605 2177 1661 2218 de
1690 2187 1714 2220 f.
1735 2189 1777 2221 56

137 2239 402 2280 necessariis
459 2240 686 2281 ducuntur
744 2242 920 2282 incaute
978 2256 1188 2293 resecare,
1246 2245 1509 2286 estimantes
1562 2244 1662 2284 Deo

137 2304 314 2358 placere
352 2319 442 2346 non
476 2321 611 2361 posse
646 2309 732 2349 nisi
771 2323 817 2349 se
871 2323 949 2362 per
998 2310 1185 2350 nimiam
1236 2311 1566 2352 abstinenciam
1619 2318 1661 2352 et

137 2372 387 2412 nuditatem
406 2373 699 2414 immoderate
715 2374 935 2429 affligant.
995 2375 1051 2415 Et
1070 2389 1347 2430 quamquam
1367 2376 1512 2429 pallor
1530 2375 1659 2416 faciei

137 2438 195 2479 sit
229 2438 363 2479 decor
391 2439 595 2490 solitarii,
628 2453 717 2481 non
753 2449 818 2482 est
851 2450 1000 2482 tamen
1048 2456 1203 2483 eorum
1252 2444 1495 2484 seruicium
1546 2450 1660 2483 recte

138 2505 411 2552 ordinatum,
446 2506 552 2559 quia
583 2507 665 2547 etsi
699 2521 887 2561 corpora
915 2522 997 2549 sua
1029 2509 1251 2563 castigare
1286 2510 1508 2558 iubentur,
1542 2517 1583 2550 et
1614 2509 1659 2548 in

138 2572 399 2613 seruitutem
421 2572 608 2625 spiritus
631 2573 834 2628 redigere
853 2589 862 2614 t
891 2588 941 2614 ea
962 2583 1112 2615 tamen
1135 2583 1310 2616 tenetur
1332 2590 1422 2616 non
1444 2576 1659 2623 occidere,

198 2673 225 2702 1.
254 2671 387 2704 Psolm.
419 2675 468 2712 76,
491 2674 518 2703 3.
604 2674 633 2703 2.
661 2672 791 2706 Psalm.
821 2677 872 2714 91,
895 2676 923 2706 5.

199 2717 229 2748 3.
247 2713 379 2748 Psalm.
407 2719 459 2756 91,
480 2717 507 2747 7.
