1881 2985
625 183 847 221 ROLLE'S
886 182 1245 220 SLANDERERS
1647 194 1712 228 233

180 300 411 350 arbitrare,
447 301 570 355 quod
598 300 717 341 alius
747 299 976 354 precipue,
1012 299 1067 353 (si
1098 298 1156 340 sit
1190 299 1291 340 Deo
1319 299 1514 353 perfecte
1547 300 1709 341 manci-

182 368 351 422 patus‚)
383 381 473 409 non
498 369 718 422 acciperet
746 382 772 408 a
799 368 962 409 dilecto
992 381 1078 409 suo
1102 367 1290 421 aliquod
1317 367 1489 409 donum
1515 369 1710 421 speciale

189 437 311 491 quod
334 450 423 477 non
445 437 600 479 multis
617 437 761 485 datur,
783 436 889 491 quia
909 436 996 489 ipsi
1015 436 1060 476 in
1082 449 1129 477 se
1151 435 1265 476 nihil
1284 434 1370 476 tale
1392 435 1678 475 inuenerunt.

246 501 445 544 Proinde
476 503 676 558 cogitaui
708 503 890 558 quidem
919 502 1261 557 quodammodo
1286 500 1531 555 aliqualem
1561 508 1711 542 osten-

187 569 291 610 dere
311 570 720 623 responsionem,et
738 569 1118 624 redarguentibus
1132 569 1323 610 omnino
1342 582 1432 609 non
1453 567 1711 621 disperire}

189 636 313 691 Quid
336 637 456 677 enim
480 637 538 677 ad
562 637 687 690 ipsos
707 637 899 691 pertinet
921 636 976 677 de
999 636 1092 676 uita
1112 636 1319 685 aliorum,
1344 649 1539 690 quorum
1564 647 1713 675 mores

190 703 234 744 in
259 703 415 745 multis
444 718 573 745 suam
602 704 743 745 uitam
773 703 987 744 excellere
1020 716 1109 743 non
1142 703 1391 757 ignorant?
1481 701 1538 742 Et
1568 700 1714 742 multo

190 771 338 824 magis
362 771 620 823 superiores
643 778 749 812 sunt
778 771 823 810 in
852 770 940 811 hiis
964 784 1051 824 que
1078 770 1223 811 uideri
1252 783 1342 810 non
1368 775 1573 823 possunt.
1637 767 1711 808 An

190 850 281 878 non
310 837 411 878 licet
440 838 541 878 Deo
567 838 689 892 quod
717 837 815 878 uult
841 837 1020 878 facere?
1082 836 1156 877 An
1184 836 1303 878 oculi
1332 850 1487 877 eorum
1517 848 1713 890 nequam

189 911 295 945 sunt
330 904 438 959 quia
470 905 566 959 ipse
598 905 748 946 bonus
783 905 882 946 est?
969 904 1208 958 Numquid
1241 911 1283 944 et
1313 904 1475 945 uolunt
1510 904 1714 958 redigere

190 972 471 1012 uoluntatem
512 972 597 1012 Dei
634 971 692 1012 ad
726 985 984 1012 mensuram
1024 971 1240 1012 illorum?
1336 971 1502 1012 Nonne
1554 983 1714 1011 omnes
1735 981 1760 1014 f.
1780 983 1821 1014 86

193 1038 402 1080 homines
426 1039 512 1079 Dei
533 1045 654 1089 sunt,
680 1046 720 1079 et
741 1052 856 1092 quos
876 1038 973 1078 uult
996 1038 1200 1086 assumit,
1222 1050 1337 1092 quos
1360 1036 1458 1077 uult
1482 1035 1711 1089 relinquit,

190 1107 358 1162 quibus
384 1106 480 1148 uult
504 1114 545 1147 et
569 1106 755 1161 quando
776 1106 873 1147 uult
896 1106 973 1147 dat
999 1106 1122 1160 quod
1145 1106 1184 1147 ei
1207 1105 1366 1159 placet,
1389 1104 1447 1145 ad
1472 1103 1714 1145 ostenden-

190 1174 295 1215 dam
332 1173 726 1228 magnificenciam
763 1173 978 1215 bonitatis
1013 1173 1120 1213 sui?
1218 1172 1395 1213 Estimo
1439 1170 1562 1225 quod
1614 1170 1717 1211 ideo

191 1247 475 1280 murmurant
507 1246 549 1280 et
582 1240 825 1281 detrahunt
857 1239 964 1294 quia
998 1239 1165 1280 uellent
1197 1239 1320 1294 quod
1348 1239 1424 1279 alii
1457 1238 1717 1292 superiores

190 1306 528 1357 descenderent,
577 1313 618 1346 et
671 1306 783 1360 ipsis
834 1307 1089 1347 minoribus
1123 1319 1171 1347 se
1208 1306 1252 1346 in
1289 1305 1506 1347 omnibus
1534 1304 1714 1346 confor-

190 1380 377 1421 marent,
435 1374 542 1428 quia
600 1381 761 1427 putant
817 1387 865 1415 se
923 1374 1179 1426 superiores
1236 1386 1338 1414 curn
1398 1371 1557 1412 merito
1608 1376 1716 1412 sunt

190 1440 442 1482 inferiores.
508 1440 632 1482 Hinc
662 1454 774 1494 ergo
808 1440 982 1480 inuenit
1014 1440 1197 1480 animus
1233 1452 1363 1480 meus
1395 1438 1635 1479 audaciam
1666 1442 1715 1477 ut

188 1507 523 1561 aliquantulum
568 1507 790 1560 aperirem
837 1507 1057 1547 musicam
1102 1520 1249 1547 meam
1297 1519 1384 1561 que
1429 1504 1626 1546 accensit
1661 1517 1716 1544 ex

191 1573 402 1615 incendio
446 1574 648 1622 amoris,2
699 1581 741 1614 et
792 1574 836 1614 in
890 1587 978 1628 qua
1030 1573 1174 1614 iubilo
1223 1587 1374 1614 coram
1427 1572 1625 1620 Ihesum,
1674 1580 1716 1613 et

191 1647 437 1694 pneumata
469 1654 631 1682 resono
662 1640 925 1682 suauissimi
957 1647 1216 1681 concentus.
1275 1639 1421 1680 Porro
1450 1637 1591 1679 eciam
1620 1648 1717 1689 pre-

189 1709 392 1752 stancius
417 1709 655 1750 astiterunt
682 1709 927 1749 aduersum
956 1722 1038 1756 me,
1067 1722 1121 1749 eo
1148 1709 1271 1763 quod
1299 1708 1472 1750 cantica
1495 1708 1717 1749 exteriora

191 1789 278 1830 que
309 1776 354 1815 in
383 1776 558 1817 ecclesii
586 1783 803 1817 consueta
833 1783 940 1817 sunt
969 1775 1259 1830 frequentari,
1289 1775 1508 1829 organica
1534 1786 1716 1828 quoque

190 1842 502 1883 modulamina
551 1856 637 1897 que
680 1843 736 1883 ab
781 1843 1037 1884 astantibus
1071 1842 1321 1883 audiuntur
1352 1842 1510 1895 fugere
1545 1838 1715 1887 curaui,

183 1909 317 1963 (inter
348 1909 429 1950 hec
463 1910 698 1951 dumtaxat
731 1910 944 1959 existens,
978 1916 1055 1949 aut
1085 1909 1272 1963 quando
1310 1910 1546 1950 necessitas
1590 1909 1721 1948 misse

188 1978 415 2019 audiende
440 1978 652 2032 exigeret,
674 1991 810 2032 quam
836 1977 945 2018 alibi
970 1977 1127 2018 audire
1155 1991 1245 2018 non
1271 1984 1488 2031 poteram,
1514 1983 1592 2017 aut
1618 1976 1718 2017 dies

185 2043 437 2096 solempnis
471 2050 666 2098 cogeret,
706 2051 890 2098 propter
931 2043 1177 2097 obliquos3
1203 2056 1381 2084 morsus
1402 2042 1713 2098 populorum).

192 2111 438 2153 Assidens4
468 2112 588 2152 enim
620 2126 718 2153 esse
748 2112 974 2165 exoptaui,
1008 2119 1056 2152 ut
1088 2112 1275 2153 Christo
1300 2112 1384 2153 soli
1416 2111 1712 2161 intenderem,

191 2178 331 2233 igitur
359 2192 568 2220 canorem
598 2179 879 2233 spiritualem
910 2179 1020 2219 mihi
1051 2179 1246 2227 dederat,
1277 2179 1321 2219 in
1353 2192 1468 2233 quos
1489 2178 1528 2219 ei
1558 2176 1717 2217 laudes

190 2258 242 2286 ac
268 2258 424 2299 preces
445 2245 717 2286 adolerem.⁵
775 2246 877 2286 Hoc
900 2253 1147 2299 arguentes
1174 2259 1243 2286 me
1271 2259 1361 2286 non
1389 2245 1711 2296 opinabantur,

192 2313 385 2367 ideoque
419 2313 477 2353 ad
512 2327 641 2354 suam
675 2313 868 2354 formam
908 2313 1117 2354 reducere
1153 2313 1303 2354 conati
1339 2319 1469 2362 sunt;
1506 2312 1586 2353 sed
1624 2323 1715 2351 non

192 2380 319 2434 potui
344 2380 544 2434 graciam
569 2379 739 2421 Christi
763 2381 981 2430 deserere,
1009 2387 1051 2420 et
1073 2379 1224 2421 stultis
1242 2379 1521 2426 hominibus,
1545 2377 1622 2432 qui
1644 2390 1715 2417 me

251 2469 279 2498 1.
307 2466 436 2498 “Hide
460 2466 553 2498 from
567 2466 606 2505 ’';
635 2467 843 2508 apparently
865 2478 886 2498 a
909 2466 1101 2499 barbarous
1128 2466 1239 2508 word,
1266 2465 1353 2498 used
1381 2476 1418 2497 as
1445 2463 1651 2496 correlative
1677 2462 1714 2495 of

183 2510 246 2542 the
266 2509 431 2550 “aperire
452 2509 617 2541 musicam
640 2511 786 2546 meam,'’
809 2510 847 2542 of
867 2510 1078 2552 sueceeding
1093 2510 1193 2543 lines.

248 2556 277 2586 2.
306 2554 381 2585 Not
399 2552 531 2594 merely
548 2553 676 2584 formal
696 2553 833 2595 phrase.
883 2554 997 2587 Canor
1017 2552 1207 2586 sueceeded
1228 2553 1362 2595 feruor,
1386 2550 1473 2582 with
1495 2549 1604 2582 Rolle.

248 2598 277 2628 3.
308 2597 356 2639 (9)
388 2596 437 2637 (k)
463 2596 664 2637 “aliquos'’

253 2643 284 2672 4.
309 2639 351 2682 (j)
373 2639 614 2680 uncorrected,
637 2640 655 2653 “
671 2639 831 2671 absens.’'

253 2686 284 2716 5.
313 2683 445 2725 Misyn,
519 2682 677 2724 “offyr.’'
780 2682 959 2723 Ducange,
1040 2682 1057 2694 “
1070 2680 1221 2721 adolere,
1307 2679 1506 2712 illuminare
1515 2694 1525 2720 5
1583 2677 1714 2717 adolet,

184 2726 385 2768 exsurgeb.''
