1757 2990
168 154 232 188 152
584 145 861 182 PROGRESS
904 146 961 179 IN
1003 144 1284 181 DEVOTION

161 261 421 303 amenitatis
469 262 670 304 archano
721 263 765 303 in
814 263 1019 304 animum
1071 275 1206 304 suum
1254 261 1469 303 hauriunt
1514 261 1691 303 felicem

159 329 386 371 ardorem.
477 330 584 386 Quo
631 330 857 373 iocondati
908 330 1074 384 iugiter
1123 329 1472 370 inestimabilem
1522 329 1692 370 habent

159 399 299 439 eterni
337 398 564 440 electuarii
604 399 1008 441 confortacionem.
1089 397 1145 437 Et
1186 397 1268 438 hec
1307 398 1463 452 utique
1503 396 1693 438 refeccio

158 467 421 508 amantibus
452 467 567 508 inest
596 474 745 508 eterne
775 466 1038 507 hereditatis
1060 466 1361 514 altitudinem,
1389 466 1558 521 quibus
1589 478 1690 518 pro-

161 535 279 576 fecto
305 549 527 589 erumpna
555 535 718 576 accidit
751 536 796 575 in
828 535 914 576 hoc
947 534 1100 575 exilio.
1178 533 1234 574 Et
1268 534 1445 575 interim
1480 533 1566 576 hoc
1598 545 1690 573 non

91 652 94 656 ,
158 603 397 657 apparebit
420 603 531 657 ipsis
556 604 931 656 inopportunum,
958 609 1005 644 ut
1031 602 1105 644 hic
1127 601 1393 656 affligantur
1413 615 1494 656 per
1516 601 1691 655 aliquot

158 685 317 719 annos,
340 671 417 726 qui
435 671 493 712 ad
514 672 856 713 subsistendum
880 669 1244 724 inseparabiliter
1265 671 1310 710 in
1333 670 1483 712 celicis
1504 669 1691 712 sedibus

159 739 471 781 sustollantur.
539 739 786 793 Eliguntur
812 739 962 793 itaque
986 752 1040 779 ex
1063 738 1189 779 omni
1214 751 1347 780 carne
1370 745 1417 780 ut
1437 738 1529 779 sint
1554 737 1690 778 caris-

158 808 263 848 simi
309 809 354 848 in
405 814 650 861 conspectu
702 807 968 848 Conditoris
1018 813 1060 847 et
1110 806 1359 848 clarissime
1401 812 1690 852 coronentur,

158 876 364 917 succensi
399 875 625 930 siquidem
661 875 1049 930 quemadmodum
1084 874 1330 929 seraphym
1365 875 1410 915 in
1444 873 1686 927 supremis.

160 943 367 998 Quorum
391 957 581 997 corpora
606 944 805 985 solitarie
834 944 1066 991 sedebant,
1090 951 1133 984 et
1158 950 1331 985 mentes
1360 943 1474 983 inter
1498 941 1693 996 angelos

156 1012 445 1054 ambulantes
483 1012 541 1053 ad
582 1012 796 1053 dilectum
834 1011 1124 1052 anhelebant.
1203 1010 1295 1065 Qui
1336 1018 1378 1052 et
1418 1011 1691 1052 suauissime

156 1080 416 1121 cecinerunt
442 1079 676 1121 oraculum
702 1080 871 1121 amoris
894 1080 1033 1120 eterni
1059 1079 1104 1119 in
1131 1079 1268 1121 Ihesu
1295 1078 1568 1120 iubilantes:

215 1147 257 1189 O
307 1146 555 1190 mellifluus
603 1147 738 1188 ardor
787 1147 1004 1189 omnibus
1052 1147 1229 1189 deliciis
1274 1146 1464 1199 dulcior,
1517 1146 1696 1188 cunctis

157 1216 373 1270 operibus
417 1215 754 1259 delectabilior!
835 1215 876 1257 O
919 1215 1046 1257 Deus
1084 1228 1225 1263 meus,
1271 1215 1313 1257 O
1355 1227 1484 1255 amor
1523 1226 1681 1255 meus:

160 1284 343 1325 illabere
371 1284 495 1332 mihi,
524 1291 601 1326 tua
631 1284 814 1325 caritate
845 1284 1087 1337 perforato,
1118 1290 1196 1325 tua
1226 1283 1566 1337 pulchritudine
1594 1280 1692 1324 uul-

158 1358 337 1401 nerato;
360 1351 555 1399 illabere,
571 1351 828 1405 inquam,et
850 1351 1144 1405 languentem
1168 1350 1427 1391 consolare:
1452 1349 1690 1397 medicina,

156 1419 243 1470 tu,1
276 1419 442 1460 misero
472 1419 660 1461 ostende
694 1426 736 1460 te
767 1419 954 1460 amanti.
1023 1418 1138 1459 Ecce
1167 1419 1212 1459 in
1245 1425 1287 1459 te
1316 1426 1383 1459 est
1414 1431 1549 1472 omne
1578 1417 1694 1459 desi-

157 1488 333 1529 derium
355 1501 520 1535 meum,
537 1501 672 1528 omne
692 1487 815 1542 quod
837 1487 983 1542 querit
1001 1500 1079 1529 cor
1101 1500 1270 1527 meum.
1334 1485 1409 1527 Ad
1430 1493 1471 1526 te
1491 1485 1690 1538 suspirat

159 1556 313 1596 anima
344 1569 466 1605 mea;
509 1556 590 1596 tibi
618 1555 711 1596 sitit
738 1569 845 1596 caro
873 1568 984 1602 mea,
1017 1562 1058 1595 et
1091 1568 1181 1595 non
1212 1554 1362 1608 aperis
1393 1553 1520 1602 mihi,
1553 1554 1693 1595 immo

156 1623 325 1664 auertis
351 1623 525 1670 faciem,
550 1623 727 1664 claudis
753 1623 927 1664 oscium
951 1630 1094 1669 tuum,
1120 1622 1287 1664 transis
1313 1629 1448 1676 atque
1474 1621 1689 1668 declinas,

157 1697 198 1731 et
223 1691 279 1731 de
303 1691 436 1745 penis
463 1691 583 1733 rides
608 1691 877 1732 innocentis.

218 1758 402 1799 Interim
443 1766 594 1800 tamen
638 1767 863 1801 amatores
900 1766 1002 1800 tuos
1039 1772 1066 1798 a
1105 1757 1280 1799 cunctis
1322 1757 1510 1799 terrenis
1554 1756 1689 1810 rapis,

157 1840 296 1881 Supra
316 1841 499 1868 omnem
522 1827 582 1868 rei
602 1827 851 1869 mundialis
871 1827 1125 1882 appetitum
1146 1826 1355 1879 suscipis,
1376 1832 1419 1867 et
1434 1825 1499 1867 tui
1520 1825 1690 1866 amoris

35 1904 58 1938 f.
77 1903 140 1937 66b
157 1908 346 1949 capaces
368 1896 480 1936 facis
501 1902 542 1936 et
564 1896 609 1935 in
629 1895 829 1936 amando
849 1895 1068 1936 efficaces.
1121 1894 1431 1949 Quamobrem
1457 1894 1501 1934 in
1524 1905 1690 1936 canore

159 1963 384 2017 spirituali
426 1977 480 2004 ex
524 1963 736 2004 incendio
777 1963 1032 2017 erumpenti
1080 1962 1238 2005 laudes
1281 1962 1362 2003 tibi
1409 1961 1606 2003 offerunt
1650 1967 1692 2002 et

155 2031 325 2071 amoris
352 2031 548 2072 iaculum
577 2031 786 2072 senciunt
810 2045 911 2072 cum
939 2029 1136 2071 dulcore.
1204 2029 1287 2070 Eia
1313 2043 1436 2084 ergo,
1466 2029 1508 2071 O
1535 2036 1688 2070 eterna

156 2105 198 2139 et
235 2099 447 2140 amabilis
485 2099 687 2147 dileccio,
727 2112 814 2153 que
852 2112 935 2140 nos
973 2098 1030 2139 ab
1072 2097 1223 2139 immis
1262 2098 1414 2139 eleuas
1449 2104 1491 2138 et
1531 2097 1689 2138 diuine

157 2167 405 2208 maiestatis
430 2167 693 2220 conspectui
725 2174 816 2207 tarn
839 2166 999 2208 crebro
1025 2173 1155 2219 raptu
1188 2164 1498 2218 representas!
1566 2164 1688 2206 Ueni

158 2234 204 2274 in
236 2248 318 2282 me,
348 2234 511 2275 dilecta
540 2234 668 2275 mea!
735 2234 1020 2290 Quecunque
1045 2233 1185 2275 habui
1215 2247 1299 2288 pro
1326 2241 1367 2274 te
1396 2233 1514 2283 dedi,
1538 2233 1619 2274 sed
1646 2239 1688 2273 et

159 2301 370 2343 habenda
394 2303 557 2356 respui,
581 2310 628 2344 ut
650 2303 934 2343 mansionem
958 2301 1126 2343 habeas
1147 2302 1192 2342 in
1214 2302 1369 2342 anima
1391 2314 1502 2350 mea,
1523 2308 1565 2342 et
1583 2313 1690 2344 con-

155 2369 315 2413 soleris
357 2383 470 2417 eam,
510 2383 591 2410 nec
634 2383 703 2410 me
738 2369 990 2424 aliquando
1030 2369 1224 2426 deseras,
1267 2381 1401 2423 quem
1445 2375 1573 2409 tanto
1608 2375 1689 2409 tuo

158 2437 386 2478 desiderio
406 2437 552 2479 cernis
573 2437 779 2491 flagrare,
801 2444 843 2478 et
861 2437 951 2478 tuis
969 2436 1259 2489 amplexibus
1279 2436 1446 2490 iugiter
1468 2436 1688 2486 inherere,

155 2504 462 2559 interesseque
501 2504 825 2545 ardentissimo
867 2503 1115 2553 desiderio;
1168 2503 1231 2544 ita
1274 2503 1385 2543 mihi
1432 2503 1608 2545 tribuas
1648 2509 1690 2544 te

103 2567 109 2576 '
154 2587 321 2621 amare,
355 2573 400 2613 in
439 2580 480 2614 te
516 2586 698 2627 quoque
736 2572 978 2627 quiescere,
1009 2578 1056 2613 ut
1094 2571 1138 2610 in
1171 2577 1252 2612 tuo
1289 2584 1433 2625 regno
1463 2571 1562 2613 sine
1598 2569 1688 2610 fine

153 2655 327 2682 merear
354 2648 395 2682 te
424 2641 583 2682 uideri.
648 2640 814 2681 Amen.

222 2721 248 2751 1.
278 2721 326 2762 (9)
354 2718 491 2751 “tuass'
