1881 2985
509 186 620 223 THE
649 186 859 222 SNARES
889 186 957 221 OF
986 186 1097 223 THE
1127 187 1323 224 WORLD
1615 192 1679 234 167

153 299 384 354 Expandit
419 302 602 350 nubem,
637 302 804 344 scilicet
839 302 1215 344 obumbraculum
1253 303 1409 344 diuine
1443 305 1592 359 gracie
1626 306 1675 347 in

154 367 485 420 proteccionem
532 369 720 409 eoruml
765 382 791 409 a
839 369 1212 422 concupiscencia
1260 370 1441 417 carnali,
1485 378 1526 411 et
1569 372 1676 425 igne

152 434 292 474 eterni
325 435 494 476 amoris
527 440 575 476 ut
610 436 774 476 luceret
809 435 872 477 eis
909 436 1096 477 interius
1132 436 1176 476 in
1212 443 1362 476 mente
1390 442 1469 490 perr
1497 441 1675 477 noctem

150 499 288 541 huius
336 501 442 551 uite,
496 515 551 542 ne
600 501 819 543 illecebris
868 515 985 542 uane
1031 501 1388 556 pulchritudinis
1420 504 1675 557 capiantur.

153 567 301 608 Tanta
354 582 461 610 uero
505 571 728 611 suauitate
773 570 897 611 ardet
945 570 990 610 in
1037 570 1101 611 eis
1145 569 1317 611 Christi
1363 583 1502 618 amor,
1553 569 1676 624 quod

150 647 333 675 omnem
360 636 583 677 carnalem
611 637 810 678 illicitam
835 637 1183 678 delectacionem
1207 645 1378 679 stercus
1402 638 1675 679 uilissimum

152 701 372 755 deputant
412 710 453 742 et
493 703 594 744 ideo
634 717 731 744 eam
771 704 1053 745 conculcant.
1141 704 1339 759 Ideoque
1380 718 1470 745 non
1512 712 1677 758 tangas

153 767 336 817 lubrice,
376 770 498 824 quod
538 784 619 811 nec
657 771 757 812 licet
788 771 869 812 tibi
904 771 1222 825 concupiscere
1263 785 1343 813 ηερ
1383 772 1452 813 uis
1493 771 1672 812 habere.

155 834 390 877 Memento
414 837 554 878 eciam
580 851 779 889 manum,
811 839 1031 892 linguam,
1063 846 1104 879 et
1130 845 1328 879 uentrem
1362 841 1605 888 continere,
1635 846 1677 880 et

153 902 198 942 in
233 903 501 945 mulieribus
536 918 626 945 non
658 905 740 946 tibi
776 905 1032 958 displiceas.
1114 906 1412 947 Incitamenta
1449 907 1675 962 siquidem

150 968 325 1010 luxurie
371 978 476 1011 sunt
524 979 788 1012 ornamenta
821 972 1023 1012 uirorum
1060 986 1112 1014 ae
1146 972 1402 1024 mulierum,
1442 972 1678 1027 calidaque

152 1038 391 1080 electuaria
415 1046 456 1079 et
478 1039 566 1080 alia
591 1040 759 1081 cibaria
784 1041 930 1081 calore
954 1054 1038 1082 suo
1075 1054 1254 1083 carnem
1280 1041 1471 1082 nimium
1499 1041 1676 1082 inflam-

152 1106 342 1153 mancia‚
385 1119 472 1161 que
511 1106 672 1150 medici
713 1120 953 1160 corporum
993 1116 1034 1148 et
1074 1108 1382 1149 interfectores
1419 1108 1675 1149 animarum

150 1172 370 1213 conficere
394 1173 624 1223 nituntur;
661 1187 748 1228 que
772 1174 958 1216 uitanda
982 1183 1088 1215 sunt
1111 1175 1264 1217 castis.

822 1286 930 1328 CAP.
962 1300 1002 1339 9.

181 1366 338 1421 (Quod
369 1366 414 1406 in
442 1366 648 1408 aduersis
681 1366 808 1407 Deus
834 1366 1091 1408 laudandus
1114 1374 1180 1408 est
1208 1374 1250 1408 et
1274 1368 1500 1409 amandus
1526 1375 1568 1408 et
1593 1367 1648 1408 de

457 1423 731 1465 iocunditate
760 1431 801 1464 et
830 1424 1084 1465 humilitate
1112 1424 1375 1478 bonorum.)

207 1498 256 1540 Si
303 1500 567 1552 temporalis
610 1499 756 1540 honor
798 1499 1015 1541 dedecore
1057 1500 1315 1548 destruitur,
1358 1508 1399 1541 et
1443 1501 1676 1542 mundana

147 1567 294 1621 gloria
320 1566 588 1607 confusione
613 1566 781 1617 finitur,
814 1573 989 1607 constat
1016 1567 1174 1620 procul
1199 1566 1340 1608 dubio
1367 1568 1489 1622 quod
1517 1567 1678 1609 melius
1696 1570 1721 1604 f.
1739 1572 1782 1604 29

150 1642 216 1677 est
238 1635 535 1689 opprobrium
564 1649 700 1690 quarn
729 1635 887 1683 honor,
912 1635 1123 1677 confusio
1148 1649 1285 1690 quam
1310 1636 1503 1684 culmen,
1529 1635 1676 1676 luctus

150 1716 286 1757 quam
305 1703 428 1753 laus;
452 1703 560 1757 quia
571 1716 650 1756 per
667 1703 750 1743 ista
769 1716 875 1755 sepe
897 1703 1001 1757 quis
1021 1702 1065 1742 in
1087 1702 1268 1742 inanem
1282 1702 1475 1757 gloriam
1497 1702 1675 1750 labitur,

149 1783 230 1823 per
255 1770 330 1810 illa
361 1783 540 1823 semper
569 1770 607 1811 si
637 1771 865 1824 pacienter
896 1770 1059 1819 tulerit,
1094 1770 1138 1810 in
1169 1771 1367 1824 presenti
1400 1771 1458 1811 ad
1492 1770 1675 1812 humili-

148 1844 284 1878 tatem
310 1837 513 1879 eruditur
537 1844 579 1877 et
605 1837 649 1877 in
681 1838 835 1879 futuro
864 1850 1029 1891 penam
1061 1850 1152 1878 non
1182 1837 1362 1891 patitur,
1393 1837 1519 1892 (quia
1548 1837 1675 1877 Deus

149 1905 291 1946 iustos
329 1905 402 1946 bis
441 1918 531 1945 non
572 1904 853 1958 confundet,)
890 1912 931 1945 et
969 1904 1213 1946 sublimius
1252 1912 1517 1954 coronatur;
1567 1903 1674 1958 quia

149 1971 380 2025 paciencia
408 1985 661 2025 pauperum
691 1985 781 2012 non
804 1972 969 2025 peribit
996 1972 1041 2012 in
1070 1971 1222 2013 finem.

205 2038 280 2078 Ad
314 2039 596 2080 sanctitatem
629 2052 739 2079 uero
772 2038 854 2080 hec
882 2038 1138 2092 pertinent:
1181 2038 1344 2092 primo,
1380 2037 1506 2079 nullo
1540 2037 1677 2078 modo

149 2107 350 2162 cogitare
400 2107 524 2161 loqui
573 2114 614 2148 et
660 2107 837 2160 operari
889 2107 1011 2161 quod
1064 2107 1163 2148 Deo
1212 2107 1444 2161 displicet3
1511 2106 1675 2148 deinde

151 2175 363 2229 cogitare,
411 2174 535 2229 loqui
581 2182 623 2215 et
663 2175 840 2228 operari
889 2174 1012 2229 quod
1064 2174 1165 2215 Deo
1207 2174 1369 2228 placet.
1460 2173 1562 2214 Hoc
1606 2173 1677 2214 fac

150 2242 402 2283 secundum
443 2242 684 2283 scienciam
731 2249 778 2283 ut
824 2255 905 2282 nec
952 2242 997 2281 in
1041 2241 1308 2282 scandalum
1353 2253 1547 2287 corruas,
1595 2250 1675 2278 nec

153 2309 340 2349 nimiam
379 2309 661 2349 sanctitatem
696 2309 859 2363 fingas,
898 2309 1005 2363 quia
1041 2315 1083 2348 et
1113 2308 1280 2350 stultus
1311 2315 1377 2349 est
1410 2307 1487 2362 qui
1524 2319 1674 2349 coram

152 2375 417 2416 hominibus
443 2383 626 2417 sanctus
647 2389 826 2429 semper
849 2388 1068 2429 apparere
1093 2376 1279 2428 appetit,
1308 2383 1349 2416 et
1375 2374 1569 2417 crudelis
1597 2372 1675 2428 qui

152 2456 199 2484 se
226 2443 396 2484 malum
425 2457 526 2484 cum
552 2443 701 2484 bonus
728 2443 785 2484 sit
812 2442 1024 2484 ostendit.
1083 2441 1292 2496 Quedam
1322 2455 1430 2484 uero
1454 2448 1560 2483 sunt
1589 2453 1675 2495 que

152 2510 403 2551 secundum
432 2522 480 2550 se
508 2510 802 2557 considerata,
832 2523 913 2552 ηερ
942 2516 1047 2551 sunt
1075 2510 1196 2551 bona
1225 2523 1307 2551 ηερ
1335 2509 1465 2556 mala,
1495 2507 1601 2562 quia
1630 2506 1674 2546 in

152 2576 282 2630 puris
305 2576 588 2617 naturalibus
618 2590 698 2617 nec
724 2584 789 2617 est
816 2577 1024 2617 meritum
1054 2589 1134 2618 nec
1162 2576 1456 2625 demeritum3
1498 2582 1539 2615 et
1569 2574 1675 2614 talia

153 2656 236 2685 nec
267 2643 304 2684 si
338 2642 448 2683 fiant
481 2643 582 2684 Deo
611 2643 865 2697 displicent,
901 2656 981 2685 nec
1011 2643 1049 2684 si
1084 2657 1175 2684 non
1209 2643 1319 2683 fiant
1352 2643 1451 2683 Deo
1482 2641 1673 2695 placent.

211 2717 239 2747 l.
265 2715 400 2747 Psalm.
424 2716 496 2753 104,
515 2716 568 2747 39.
