1809 3036
604 208 715 246 THE
752 209 889 246 BULL
919 209 1223 247 PUBLISHED
1615 221 1679 255 143

153 322 246 364 XV
269 322 494 365 Kalendis
519 323 815 378 Septembris,
844 324 1143 366 pontificatus
1170 327 1310 367 nostri
1335 340 1460 368 anno
1483 328 1645 381 primo.

211 389 308 430 Nos
328 403 436 430 uero
458 390 719 433 Richardus
738 391 1077 433 Londoniensis
1100 391 1373 444 Episcopus,
1397 406 1449 434 ac
1468 401 1678 434 executor

149 471 229 499 seu
260 457 499 512 delegatus
529 459 805 513 apostolicus
834 458 1102 510 antedictus,
1132 460 1419 502 attendentes
1448 459 1675 513 supplica-

150 524 327 565 cionem
358 524 621 567 huiusmodi
657 527 751 568 fore
781 527 944 568 iustam
979 534 1021 566 et
1055 539 1304 568 consonam
1338 527 1506 567 racioni
1539 533 1675 580 atque

152 591 250 638 iuri,
280 591 423 632 dictas
454 592 622 633 litteras
649 593 924 646 apostolicas
953 593 1201 648 originales
1234 593 1278 633 in
1315 593 1477 634 notarii
1503 593 1675 648 publici

150 664 191 698 et
212 659 400 699 tescium
425 659 784 712 subscriptorum
808 660 1039 713 presencia
1062 660 1366 713 palpauimus,
1393 660 1676 713 inspeximus

150 732 192 766 et
242 725 485 780 diligenter
531 727 896 768 examinauimus
943 734 984 768 et
1034 727 1140 781 quia
1189 727 1314 780 ipsas
1363 727 1533 768 litteras
1584 740 1674 767 non

148 793 357 844 abolitas,
392 807 482 834 non
511 795 796 846 cancellatas,
832 808 912 836 nec
945 795 990 835 in
1023 794 1256 849 aliquibus
1288 808 1441 836 earum
1471 795 1678 848 partibus

151 862 341 903 uiciatas
367 870 444 903 aut
467 870 715 915 suspectas,
746 863 824 904 sed
853 877 989 904 sanas
1010 871 1052 904 et
1080 864 1295 917 integras,
1324 877 1376 904 ac
1402 864 1527 904 omni
1556 863 1675 905 uicio

150 937 191 970 et
215 931 475 983 suspicione
500 931 683 972 sinistra
707 939 923 982 carentes,
953 932 1237 982 inuenimus3
1267 940 1309 973 et
1334 946 1388 973 ne
1416 932 1531 986 parti
1558 932 1675 973 dicte

149 999 378 1040 abbatisse
399 1006 441 1040 et
462 1007 728 1051 conuentus,
755 1007 939 1054 propter
958 1013 1091 1041 casus
1114 1000 1354 1054 predictos,
1378 1007 1456 1040 aut
1475 999 1674 1053 aliquem

150 1067 413 1117 eorundem,
447 1068 699 1120 dampnum
726 1068 798 1108 uel
830 1068 1130 1122 preiudicium
1162 1068 1336 1122 aliquid
1365 1069 1409 1108 in
1443 1075 1674 1121 posterum

148 1142 400 1189 generetur,
423 1136 480 1176 ad
501 1149 681 1177 omnem
707 1136 816 1178 iuris
839 1136 1046 1178 effectum
1071 1137 1147 1191 qui
1170 1137 1333 1177 exinde
1357 1137 1485 1190 sequi
1510 1135 1674 1190 poterit

148 1209 225 1242 aut
272 1203 446 1253 debeat,
498 1203 666 1244 nostris
706 1203 970 1244 auctoritate
1022 1210 1064 1243 et
1110 1203 1289 1244 decreto
1336 1202 1460 1255 ipsas
1506 1203 1675 1244 litteras

147 1270 423 1323 apostolicas
451 1270 803 1324 publicauimus‚
839 1285 891 1312 ac
925 1284 1006 1324 per
1041 1271 1266 1311 notarium
1299 1270 1533 1324 publicum
1569 1270 1674 1311 sub-

146 1338 365 1391 scriptum
399 1339 634 1386 transumi,
665 1339 916 1390 transcribi,
949 1345 991 1379 et
1024 1339 1069 1378 in
1101 1338 1187 1380 hoc
1214 1338 1445 1392 publicam
1478 1338 1671 1378 formam

148 1405 292 1459 redigi
314 1412 355 1445 et
375 1405 774 1458 exemplificari,ac
790 1406 928 1459 signo
946 1413 988 1446 et
1011 1406 1194 1446 nomine
1215 1405 1361 1446 solitis
1381 1412 1424 1445 et
1445 1403 1672 1446 consuetis

148 1472 292 1525 ipsius
329 1473 490 1512 notarii
527 1472 698 1526 publici
737 1472 1060 1513 mandauimus
1091 1480 1132 1512 et
1168 1473 1359 1513 fecimus
1389 1471 1670 1525 consignari.

147 1539 747 1591 Cuisictranscripto,sicuti
770 1539 884 1591 ipsis
906 1538 1065 1580 litteris
1086 1538 1352 1591 apostolicis
1369 1537 1675 1591 originalibus

145 1607 430 1661 supradictis,
460 1607 594 1648 fidem
622 1607 804 1661 plenam
832 1607 1145 1648 adhibendum
1174 1607 1269 1648 fore
1299 1607 1594 1660 inposterum,
1624 1606 1669 1646 in

146 1682 366 1729 quantum
415 1674 469 1715 de
519 1674 613 1715 iure
659 1688 918 1728 possumus,
964 1674 1249 1715 decreuimus
1297 1680 1339 1715 et
1386 1674 1671 1715 decernimus

146 1741 334 1783 ubilibet
374 1741 418 1781 in
453 1742 662 1796 agendis.
741 1741 794 1781 In
830 1755 1022 1796 quorum
1060 1742 1266 1782 omnium
1303 1748 1345 1782 et
1379 1740 1669 1794 singulorum

142 1808 467 1862 premissorum
489 1808 623 1849 fidem
644 1815 685 1849 et
704 1809 1030 1858 testimonium,
1044 1806 1667 1860 presentipublicoinstituto,

146 1890 236 1917 una
267 1890 369 1918 cum
408 1876 568 1917 notarii
605 1876 774 1930 publici
812 1876 1057 1929 subscripti
1090 1877 1213 1930 signi
1252 1877 1455 1917 consueti
1491 1874 1670 1928 apposi-

144 1945 287 1996 cione‚
313 1944 517 1999 sigillum
542 1952 745 1986 nostrum
769 1945 1058 1998 presentibus
1079 1945 1252 1998 apponi
1278 1943 1486 1985 fecimus.
1551 1943 1669 1983 Data

146 2021 186 2053 et
204 2020 302 2054 acta
324 2022 429 2055 sunt
452 2012 532 2054 hec
552 2013 596 2053 in
619 2013 796 2068 palacio
816 2020 970 2054 nostro
993 2013 1037 2053 in
1058 2013 1240 2054 ciuitate
1263 2019 1415 2053 nostra
1439 2011 1669 2052 Londoni-

143 2081 240 2122 ensi
293 2081 474 2131 situato‚
508 2081 726 2122 uicesimo
758 2088 919 2122 octauo
952 2081 1024 2122 die
1056 2080 1226 2122 mensis
1257 2080 1465 2120 ianuarii.
1529 2079 1667 2120 Anno

149 2149 322 2190 domini
381 2149 630 2190 secundum
683 2163 866 2190 cursum
926 2156 967 2188 et
1024 2148 1415 2200 computacionem
1474 2146 1672 2188 Ecclesie

142 2216 383 2270 anglicane
477 2215 549 2256 ΜΟ
572 2215 682 2256 CDO
704 2216 837 2256 XXO.
961 2214 1221 2255 Indiccione
1312 2212 1665 2269 quartadecima.

146 2283 443 2324 Pontificatus
475 2284 581 2324 dicti
617 2283 891 2324 sanctissimi
928 2283 973 2322 in
1010 2281 1197 2323 Christo
1228 2283 1369 2336 patris
1403 2289 1444 2322 et
1478 2280 1665 2328 domini,

147 2350 288 2390 nostri
323 2350 497 2390 domini
535 2350 721 2390 Martini
755 2349 879 2403 Pape
915 2349 1061 2404 quinti
1093 2348 1297 2403 predicti,
1335 2361 1460 2389 anno
1489 2353 1664 2402 quarto.

141 2418 436 2459 presentibus
475 2417 747 2459 uenerabilis
784 2417 896 2458 uiris
933 2416 1153 2470 magistro
1194 2416 1354 2457 Nicola
1388 2414 1663 2464 Bildeston,l

149 2486 302 2540 legum
333 2485 529 2536 doctore,
561 2485 749 2526 domino
783 2485 986 2526 Iohanne
1020 2484 1223 2525 Ridere2
1253 2491 1295 2525 et
1324 2482 1526 2524 Iohanne
1558 2481 1671 2524 Sud-

147 2553 302 2608 bury,3
323 2552 507 2593 ecclesie
527 2552 864 2593 Londoniensis
882 2551 1127 2602 canonicis,
1153 2550 1459 2592 Norwicensis
1477 2547 1670 2590 diocesis

199 2682 226 2710 1.
255 2678 312 2712 Cf.
338 2678 447 2718 Fasti,
470 2678 507 2716 ii,
532 2680 603 2711 616.

198 2725 227 2754 2.
255 2721 357 2753 Preb.
386 2722 423 2753 of
447 2721 649 2760 Wildland3
675 2721 775 2763 ibid„
802 2721 839 2760 ii,
865 2723 937 2754 448.

201 2768 228 2797 3.
257 2764 359 2797 Preb.
383 2766 421 2797 of
443 2764 697 2806 Bromesbury3
722 2765 817 2806 ibid„
850 2764 889 2806 ii,
913 2766 984 2796 363.
