1809 3036
660 237 770 274 THE
805 236 942 273 BULL
978 235 1046 270 OF
1078 235 1167 279 1418
1609 244 1673 278 137

148 351 491 393 describendam
545 352 790 393 declarauit
842 357 978 405 atque
1033 350 1392 391 canonizandam
1447 349 1670 399 decreuit3

150 432 324 459 necnon
363 418 657 472 solempniter
694 419 886 460 seruatis
922 417 1162 459 seruandis
1193 417 1430 471 ipsamque
1469 423 1671 457 sanctam

149 485 387 540 Brigidam
415 486 725 536 canonizauit3
754 487 860 541 quia
889 499 997 527 uero
1024 486 1122 539 ipsa
1153 484 1444 526 canonizacio
1471 491 1672 537 tempore

147 553 347 607 pestiferi
392 554 618 595 scismatis
659 555 880 595 celebrata
921 554 1078 600 extitit,
1120 553 1179 593 ad
1221 552 1549 593 obstruendum
1594 563 1671 591 ora

150 619 475 660 nonnullorum
502 633 554 661 os
582 620 887 674 loquencium‚
924 619 1048 660 Idem
1081 632 1171 669 reX,
1205 632 1259 659 ex
1285 618 1461 659 ardenti
1491 617 1675 659 caritate

148 693 284 741 atque
322 686 572 728 deuocione
608 688 753 728 eidem
788 693 940 729 sancte
982 686 1169 740 Brigide
1200 686 1403 737 affectus,
1446 684 1673 738 supplicat

149 753 379 795 humiliter
399 763 440 795 et
460 755 636 806 deuote,
662 761 885 809 quatenus
905 753 1261 796 declaracionem
1281 760 1416 807 atque
1438 752 1674 795 canoniza-

146 822 323 863 cionem
352 821 630 871 huiusmodi,
662 830 708 864 ut
736 822 971 876 prefertur,
999 822 1153 869 factas,
1188 829 1228 863 et
1261 822 1417 862 omnia
1448 821 1538 861 alia
1569 820 1673 861 inde

148 895 315 939 secuta,
348 895 441 929 rata
468 889 688 930 habentes
714 897 755 929 et
781 896 909 944 grata
936 888 1202 942 supplentes
1225 901 1384 929 omnes
1406 888 1610 929 defectus
1635 887 1673 929 si

149 956 226 1011 qui
252 956 406 997 forsan
429 957 752 998 interuenerint
778 957 822 997 in
845 957 1029 1008 eisdem,
1056 956 1307 1009 apostolica
1330 956 1594 996 auctoritate
1619 955 1674 996 de

146 1023 431 1077 plenitudine
477 1025 715 1078 potestatis
751 1038 805 1065 ex
845 1031 964 1066 certa
1005 1025 1201 1066 scien-cia
1239 1024 1506 1078 approbare,
1551 1035 1672 1065 com-

147 1090 324 1131 munire
372 1097 507 1144 atque
550 1091 817 1131 confirmare
863 1091 1118 1145 dignemini
1168 1091 1223 1131 de
1273 1091 1426 1145 gracia
1472 1088 1672 1143 speciali,

146 1157 558 1199 constitucionibus
587 1164 628 1197 et
662 1158 1035 1198 ordinacionibus
1063 1157 1329 1210 apostolicis
1359 1164 1400 1198 et
1433 1156 1537 1198 aliis
1567 1169 1674 1198 con-

148 1224 297 1265 trariis
339 1238 430 1265 non
467 1225 758 1266 obstantibus
795 1226 1176 1280 quibuscumque,
1224 1232 1266 1266 et
1308 1238 1411 1265 cum
1455 1223 1674 1267 clausulis

145 1292 400 1345 oportunis.

205 1360 267 1414 (A
297 1368 454 1415 tergo:
498 1360 644 1414 Copia
675 1361 1001 1402 Instruccionis
1035 1362 1209 1402 domini
1244 1361 1385 1402 nostri
1422 1360 1543 1415 regis
1573 1372 1674 1402 con-

145 1435 275 1481 cepta
316 1429 360 1468 in
404 1429 771 1482 supplicaciones
810 1430 1060 1470 secundum
1106 1429 1259 1470 stilum
1303 1429 1438 1477 curie,
1485 1436 1527 1469 et
1569 1441 1673 1468 cum

148 1509 371 1537 consensu
415 1510 493 1538 seu
540 1498 733 1538 concilio
780 1498 955 1539 domini
1003 1497 1138 1549 Luce,
1190 1497 1486 1552 prouincialis
1528 1496 1676 1538 tocius

145 1564 321 1606 ordinis
341 1565 483 1606 sancti
509 1565 762 1607 Saluatoris
785 1566 829 1606 in
857 1566 1044 1607 mundo.
1261 1565 1332 1620 Jo.
1361 1564 1614 1617 FORSTER.)

148 1790 210 1844 (2)
244 1791 375 1831 BULL
409 1803 469 1832 OF
503 1791 694 1832 MARTIN
736 1791 793 1842 V,
838 1792 1002 1832 DATED
1045 1791 1252 1841 GENEVA,
1302 1793 1350 1833 18
1389 1791 1505 1846 JULY
1549 1792 1670 1844 1418,

260 1859 556 1889 CONFIRMING
597 1860 691 1889 THE
734 1849 1052 1890 FOUNDATION
1094 1861 1153 1890 OF
1198 1849 1319 1891 SION
1359 1849 1529 1899 ABBEY,
1578 1860 1674 1890 AND

258 1917 541 1946 APPOINTING
561 1919 588 1947 A
610 1906 923 1948 COMMISSION
942 1919 1002 1948 To
1023 1919 1186 1948 AMEND
1203 1919 1291 1948 ANY
1310 1919 1490 1948 ERRORs
1513 1919 1561 1949 IN
1580 1919 1674 1948 THE

259 1963 590 2012 FOUNDATION,
624 1976 736 2014 ETc.,
769 1976 899 2005 WITH
927 1976 1020 2005 THE
1047 1965 1259 2006 PREEACE
1287 1977 1346 2006 OF
1368 1977 1461 2006 THE
1486 1965 1673 2005 BISHOP

260 2032 319 2060 OF
348 2021 593 2062 LONDON.l

205 2121 373 2163 Littera
400 2122 574 2163 domini
609 2122 844 2175 Richardi‚
877 2124 1079 2177 epis-copi
1114 2122 1466 2175 Londoniensis‚
1504 2121 1675 2176 Anglie

144 2188 339 2243 delegati
370 2203 508 2242 super
540 2190 907 2232 commissionem
944 2205 1083 2244 supra
1112 2191 1229 2231 facta
1261 2205 1287 2231 a
1319 2190 1520 2231 Martino
1551 2203 1671 2245 papa

146 2255 287 2297 eciam
329 2270 466 2309 super
505 2257 877 2298 reformacionem
917 2258 1177 2298 monasterii
1224 2258 1278 2298 de
1324 2258 1452 2309 Sion,
1499 2256 1675 2299 ordinis

145 2325 288 2365 sancti
314 2324 581 2376 Saluatoris,
611 2326 655 2366 in
680 2326 871 2380 Anglia.

206 2391 450 2434 Uniuersis
476 2400 631 2434 sancte
657 2394 813 2435 matris
839 2393 1023 2435 ecclesie
1050 2393 1158 2435 filiis
1180 2394 1239 2435 ad
1268 2408 1384 2448 quos
1410 2401 1451 2434 et
1478 2405 1672 2448 quorum

149 2458 361 2499 noticiam
386 2467 617 2512 presentes
640 2460 781 2501 littere
805 2467 847 2501 et
871 2467 1081 2502 contenta
1106 2460 1151 2500 in
1175 2461 1344 2501 eisdem
1366 2459 1669 2514 peruenerint‚

149 2525 421 2578 Richardus,
453 2527 752 2580 permissione
782 2528 940 2569 diuina
971 2527 1311 2569 Londoniensis
1339 2528 1596 2581 Episcopus
1619 2539 1671 2566 ac

146 2599 365 2634 certarum
414 2592 660 2634 litterarum
710 2594 1062 2647 apostolicarum
1107 2595 1297 2636 inferius
1343 2595 1670 2647 descriptarum

149 2667 358 2700 executor
391 2659 488 2700 siue
523 2660 773 2714 delegatus,
810 2662 895 2702 sub
932 2661 1076 2701 forma
1107 2661 1410 2714 infrascripta,
1444 2674 1534 2701 una
1568 2673 1671 2700 cum

228 2751 256 2780 1.
284 2748 348 2781 See
388 2758 445 2789 pp.
492 2749 597 2781 127-9.
646 2749 797 2783 Printed
840 2750 932 2782 from
975 2750 1052 2783 MS.
1095 2750 1138 2782 A.
1189 2753 1242 2790 23,
1277 2751 1300 2783 f.
1332 2750 1513 2790 117-119b,
1560 2750 1677 2793 Royal

142 2790 323 2831 Archives,
357 2791 570 2824 Stockholm.
