1881 2985
329 151 407 188 HE
442 152 598 187 HATH
635 152 816 190 GREAT
851 154 961 196 JOY,
998 154 1127 189 WHO
1162 155 1317 190 HATH
1348 157 1463 193 ,GOD
1594 170 1661 203 209

139 266 279 308 Uelut
309 268 553 323 seraphym
585 283 832 312 succensus
859 270 999 321 ardet,
1034 277 1075 311 et
1104 278 1237 320 amat,
1267 273 1388 314 canit
1416 282 1457 315 et
1485 274 1656 324 iubilat,

138 334 290 374 laudat
313 342 354 374 et
377 342 536 376 estuat.
604 335 660 376 Et
683 344 810 377 tanto
832 336 879 377 fit
901 337 1221 390 acceptabilior
1244 345 1415 392 quanto
1437 339 1480 379 in
1504 353 1656 380 amore

131 407 197 441 est
227 400 496 442 feruencior.
559 402 664 443 Non
694 402 842 444 solum
874 410 1062 444 mortem
1094 417 1184 445 non
1215 404 1340 445 timet
1370 406 1448 446 sed
1474 413 1515 446 et
1545 407 1656 446 mori

138 468 311 516 letatur,
338 483 439 510 cum
464 470 674 523 apostolo
696 471 901 512 dicente:
930 471 1057 523 mihi,
1083 471 1243 526 inquit,
1271 472 1480 515 Christus
1504 471 1659 514 uiuere

137 533 231 575 uita
256 539 333 584 est,
365 541 405 577 et
429 536 545 577 mori
566 537 827 591 gaudium}

805 689 900 730 CAP
925 702 992 741 23.

139 775 295 830 (Quod
324 790 452 818 amor
484 778 712 831 perfectus
744 778 858 819 nihil
890 792 991 820 cum
1027 779 1129 820 Deo
1156 780 1408 834 permiscet,
1436 788 1478 822 et
1507 794 1660 836 quare,

252 850 293 883 et
326 844 449 898 quod
478 858 630 885 amare
658 858 838 887 necesse
870 853 950 896 est,
985 853 1028 886 et
1057 846 1112 888 de
1143 848 1435 888 excecacione
1465 847 1661 888 carnalis

251 911 457 964 amoris.)

198 999 273 1052 [Si
302 1001 460 1042 sordes
485 1001 703 1042 scelerum
733 1009 774 1043 et
804 1002 921 1043 uicia
946 1002 1085 1043 seculi
1116 1003 1310 1057 perfecte
1341 1004 1658 1058 relinguimus,
1683 1014 1706 1046 f.
1728 1015 1770 1047 36

140 1067 253 1107 nihil
284 1074 349 1108 est
380 1067 502 1122 quod
534 1075 680 1121 preter
708 1068 857 1109 Deum
887 1082 1110 1110 amamus.
1175 1069 1294 1111 Nam
1328 1071 1437 1125 quid
1461 1071 1586 1112 aliud
1615 1071 1660 1111 in

139 1135 348 1187 proximo
391 1148 526 1189 quam
577 1135 726 1176 Deum
774 1136 984 1177 uidemur
1028 1136 1231 1191 diligere,
1277 1137 1387 1178 dum
1436 1150 1525 1177 non
1573 1136 1660 1177 nisi

139 1208 323 1254 propter
346 1200 495 1242 Deum
520 1209 561 1241 et
586 1201 631 1242 in
658 1202 759 1243 Deo
782 1203 931 1255 ipsum
956 1203 1170 1245 uolumus
1188 1217 1352 1244 amare.
1416 1202 1663 1257 Quomodo

139 1278 248 1305 uero
283 1274 398 1307 esset
435 1267 563 1309 Deus
591 1269 745 1309 omnia
782 1269 826 1309 in
862 1270 1077 1311 omnibus
1110 1271 1148 1312 si
1185 1271 1230 1310 in
1266 1270 1451 1312 homine
1485 1271 1661 1325 aliquid

139 1341 387 1374 remaneret
411 1334 546 1375 alieni
572 1335 776 1377 amoris?
837 1335 942 1377 Non
969 1343 1118 1377 autem
1143 1336 1278 1378 habet
1299 1337 1401 1392 quis
1425 1338 1660 1392 gaudium,

138 1398 225 1440 nisi
262 1400 317 1440 de
353 1400 474 1441 bono
506 1408 671 1442 amato.
769 1401 956 1456 Quanto
990 1416 1103 1457 ergo
1133 1403 1237 1458 quis
1275 1404 1424 1445 Deum
1462 1405 1661 1458 amplius

138 1465 325 1506 dilexit:
361 1474 489 1508 tanto
516 1468 731 1509 nimirum
763 1469 808 1509 in
836 1469 937 1522 ipso
965 1470 1150 1511 uberius
1180 1471 1412 1525 gaudebit,
1440 1472 1546 1527 quia
1571 1485 1663 1527 quo

137 1533 335 1587 aliquem
365 1547 456 1575 rem
480 1534 732 1577 instancius
755 1549 806 1577 ac
831 1536 1088 1579 feruencius
1112 1538 1453 1579 desideramus:
1484 1553 1539 1580 eo
1563 1539 1661 1592 ipsa

136 1601 378 1655 adquisita,
417 1602 639 1644 intensius
675 1604 947 1658 gaudemus.
1012 1604 1243 1646 Gaudium
1278 1619 1387 1646 uero
1422 1605 1524 1646 ideo
1559 1604 1661 1659 quis

139 1668 286 1716 habet,
314 1668 420 1723 quia
451 1669 599 1710 Deum
634 1670 781 1719 habet,
814 1678 855 1711 et
885 1672 1012 1713 Deus
1044 1679 1109 1713 est
1143 1672 1254 1713 illud
1287 1671 1508 1726 gaudium
1538 1670 1661 1725 quod

138 1735 342 1789 profecto
382 1750 517 1777 nemo
556 1736 735 1778 illorum
777 1737 911 1778 habet
953 1738 1030 1792 qui
1070 1738 1245 1792 aliquid
1281 1746 1476 1793 querunt
1516 1744 1662 1791 preter

141 1803 307 1844 Deum.
370 1802 419 1844 Si
456 1817 565 1844 uero
605 1811 787 1857 propter
820 1805 1045 1857 meipsum
1087 1805 1333 1859 quicquam
1373 1804 1582 1845 desidero
1620 1811 1661 1844 et

140 1869 289 1910 Deum
323 1884 473 1911 meum
506 1871 628 1912 illius
656 1871 867 1912 desiderii
901 1871 1037 1912 finem
1072 1885 1163 1912 non
1197 1885 1332 1926 pono,
1366 1871 1659 1912 manifestum
1679 1874 1702 1908 f.
1726 1875 1790 1908 36b

137 1943 202 1977 est
229 1937 351 1990 quod
384 1937 469 1977 mei
500 1938 647 1990 ipsius
678 1938 824 1979 factus
857 1952 957 1980 sum
991 1939 1207 1993 proditor,
1241 1946 1283 1979 et
1315 1938 1447 1991 culpe
1480 1938 1659 1979 latentis

136 2009 321 2054 apertus
345 2009 568 2044 ostensor.
633 2004 758 2046 Deus
786 2018 895 2046 uero
920 2018 972 2045 eo
997 2005 1133 2046 modo
1158 2006 1256 2046 uult
1278 2006 1422 2060 diligi,
1450 2013 1497 2047 ut
1527 2019 1660 2046 nemo

137 2082 289 2109 secum
317 2070 362 2109 in
391 2083 543 2111 amore
569 2071 728 2111 debeat
757 2072 949 2112 misceri.
1015 2071 1136 2126 Quia
1163 2073 1201 2113 si
1227 2086 1303 2114 cor
1330 2080 1457 2113 tuum
1488 2073 1658 2114 diuidis

137 2142 178 2175 et
211 2149 313 2175 curn
349 2136 427 2176 illo
458 2136 583 2178 aliud
611 2151 762 2178 amare
798 2152 887 2179 non
922 2139 1214 2191 pertimescis,
1242 2139 1340 2180 sine
1371 2139 1515 2180 dubio
1542 2138 1658 2180 scias

137 2215 337 2243 amorem
358 2209 485 2243 tuum
507 2216 532 2242 a
554 2203 654 2244 Deo
673 2204 831 2252 deseri,
853 2205 930 2259 qui
949 2212 1122 2259 partem
1142 2206 1311 2247 amoris
1330 2219 1420 2246 non
1442 2206 1659 2259 dignatur

138 2269 449 2322 contemplari.
514 2270 607 2310 Aut
637 2284 745 2312 uero
770 2278 914 2312 totum
940 2280 1017 2312 aut
1046 2272 1160 2313 nihil
1182 2273 1346 2326 accipit
1376 2274 1482 2327 quia
1512 2280 1656 2314 totum

139 2335 339 2375 redemit.
406 2335 667 2389 Dampnata
689 2338 914 2392 siquidem
942 2338 1125 2379 fuerunt
1150 2353 1317 2393 corpus
1340 2348 1380 2380 et
1403 2340 1556 2380 anima
1580 2347 1657 2380 tua

138 2401 183 2441 in
208 2409 393 2455 peccato
415 2403 515 2444 Ade
539 2404 679 2458 patris
704 2405 781 2445 tui.
846 2405 1092 2446 Descendit
1116 2420 1227 2460 ergo
1254 2407 1381 2448 Deus
1407 2408 1451 2447 in
1479 2414 1654 2448 uterum

140 2468 352 2523 Uirginis
382 2475 423 2509 et
448 2469 594 2511 factus
624 2470 762 2512 homo
788 2472 989 2525 precium
1018 2473 1142 2514 dedit
1173 2481 1247 2515 tue
1278 2474 1576 2523 liberacionis,
1608 2479 1655 2513 ut

139 2549 229 2576 non
248 2535 396 2576 solum
415 2536 614 2578 animam
636 2544 758 2579 tuam
776 2552 802 2578 a
823 2546 1042 2593 potestate
1062 2540 1308 2581 demonum
1330 2542 1519 2594 eriperet
1539 2555 1548 2580 :
1575 2540 1654 2582 sed

136 2601 276 2641 eciam
300 2608 347 2642 ut
366 2614 532 2655 corpus
549 2616 651 2644 cum
671 2604 824 2645 anima
846 2606 890 2645 in
912 2605 1000 2646 fine
1020 2607 1158 2647 seculi
1178 2608 1465 2649 beatificaret.

198 2685 224 2713 l.
256 2682 299 2723 (f)
329 2683 377 2724 (h)
406 2683 456 2724 (k)
488 2683 526 2724 (l)
558 2684 617 2724 (m)
651 2685 699 2726 (n)
733 2686 778 2727 (ο)
813 2686 861 2727 (q)
895 2686 953 2727 (w)
983 2687 1063 2728 give
1086 2687 1150 2720 ‘ohe
1175 2689 1359 2729 quotation
1390 2689 1512 2732 (Phia,
1542 2692 1571 2731 l,
1598 2690 1651 2730 21)

129 2724 211 2758 thus
227 2725 370 2768 loosely,
394 2727 440 2768 (a)
463 2727 532 2758 and
556 2728 603 2769 (9)
625 2733 759 2762 correct,
778 2729 808 2760 it
824 2732 862 2761 ‘co
881 2730 898 2743 “
913 2733 950 2763 et,
981 2730 1068 2762 mori
1087 2730 1257 2763 lucrum.''

218 2797 241 2822 O
