1757 2990
50 1203 64 1238 f
96 1203 181 1248 91b.

54 1831 80 1866 f.
100 1832 186 1876 95b.

59 2440 86 2475 f.
106 2440 191 2485 96b.

59 2554 87 2590 f.
106 2565 164 2599 97.

62 2669 90 2705 f.
109 2671 194 2714 99b.

363 170 581 206 BRITISH
620 168 849 206 MUSEUM
890 164 1268 202 MANUSCRIPTS

245 287 318 322 ciis
359 288 616 321 eternorum:
664 294 747 319 uox
788 282 831 316 in
871 281 965 316 orbe
1004 285 1202 315 terrarum
1243 278 1349 313 clare
1387 277 1574 312 intonat:

246 344 460 379 Osculetur
491 354 568 384 me,
602 340 750 386 inquit,
785 340 919 375 osculo
954 339 1033 374 oris
1066 337 1143 373 sui.
1195 335 1351 370 Dilecta
1384 334 1526 380 utique
1557 345 1580 369 a

242 401 390 437 dilecto
419 399 522 445 petit
550 398 734 433 osculum
764 424 770 430 .
802 423 809 430 .
841 423 848 430 .
880 422 887 429 .

247 485 253 493 .
285 485 292 492 .
323 485 330 492 .
362 485 369 491 .
397 459 548 503 quanto
578 467 600 490 a
628 465 672 490 se
698 463 859 489 ornnem
887 454 1087 486 terrenam
1116 449 1399 494 carnalemque
1426 447 1581 494 cupidi-

244 526 336 550 nem
373 524 538 560 prorsus
576 511 766 558 depellat,
804 512 844 545 et
881 508 1028 544 audeat
1064 507 1220 542 dicere:
1266 505 1482 543 Osculetur
1517 514 1583 539 me

242 572 381 607 osculo
398 571 478 606 oris
499 570 578 613 sui,
600 572 640 604 et
659 568 803 603 merito
824 566 927 601 illud
948 577 970 600 a
992 575 1035 599 se
1055 564 1183 610 queri.

291 631 394 675 Quia
416 630 581 664 meliora
604 631 699 663 sunt
721 628 843 662 ubera
868 628 936 660 tua
958 623 1054 657 uino
1075 633 1082 656 :
1108 621 1336 667 fragrancia
1358 619 1581 666 unguentis

242 687 420 731 optimis,
463 684 614 720 Fidelis
635 686 673 718 et
693 682 862 717 delicate
883 680 1049 725 depasta
1069 677 1258 724 supernis
1279 676 1435 712 deliciis
1447 676 1584 712 anima

242 754 334 779 cum
359 743 528 789 petisset
552 741 736 776 osculum
765 766 772 773 .
804 766 811 772 .
843 765 850 772 .
882 765 888 772 .
918 738 1021 772 Cum
1046 736 1252 771 laudasset
1277 745 1427 780 sponsa
1456 761 1463 768 .
1495 761 1502 768 .
1534 760 1540 767 .
1572 760 1580 768 .

246 830 253 836 .
284 828 292 835 .
323 828 331 835 .
362 828 369 835 .
397 799 589 846 quoniam
607 797 738 833 tocius
755 795 872 830 finire
889 793 1018 840 cupit,
1039 793 1089 828 ad
1111 792 1318 828 Christum
1338 791 1582 837 suspirando

243 858 435 893 clamans.
488 855 703 891 Osculetur
724 864 789 888 me
809 851 948 887 osculo
968 850 1051 886 oris
1074 850 1154 893 sui,
1177 849 1273 895 quia
1295 848 1462 884 meliora
1484 849 1583 883 sunt

243 916 365 951 ubera
389 917 459 949 tua
484 913 595 956 uino,
621 910 848 956 fragrancia
872 907 1095 954 unguentis
1119 906 1300 953 optimis.

290 972 368 1007 Hic
394 971 540 1016 incipit
563 971 761 1004 tractatus
788 977 910 1012 super
934 965 1156 1001 secundum
1182 963 1431 999 uersiculum
1456 961 1582 997 canti-

241 1040 379 1065 corum
401 1027 623 1064 secundum
645 1024 864 1060 Ricardum
887 1022 1139 1058 heremitam.
1191 1020 1402 1067 Expulsus
1425 1030 1447 1054 a
1468 1029 1582 1065 para-

241 1087 332 1122 diso
362 1096 437 1132 pro
465 1082 802 1129 transgressione,
835 1081 879 1116 in
910 1091 1032 1127 pomo
1062 1078 1191 1115 uetito
1222 1078 1379 1124 primus
1411 1084 1583 1122 pascens

241 1201 385 1237 Oleum
403 1199 578 1235 effusum
598 1208 746 1233 nomen
764 1199 896 1231 tuum.
949 1195 982 1231 O
1003 1194 1122 1239 uirgo
1141 1191 1377 1238 singularis,
1400 1192 1433 1227 O
1453 1192 1583 1226 mater

244 1257 477 1300 ineffabilis,
509 1256 620 1291 istud
651 1265 723 1301 per
752 1257 793 1289 te
822 1253 997 1288 effusum
1028 1254 1091 1287 est
1121 1251 1254 1286 oleum
1286 1249 1393 1296 quod
1424 1248 1467 1283 in
1495 1250 1583 1284 toto

242 1316 337 1351 orbe
367 1318 564 1350 terrarum
595 1315 714 1348 sanat
744 1321 873 1356 genus
905 1310 1131 1344 humanum
1160 1335 1167 1342 .
1198 1335 1206 1342 .
1237 1334 1245 1341 .
1276 1334 1283 1342 .
1315 1308 1406 1352 (=a
1437 1304 1583 1341 transi-

243 1373 330 1408 tion
353 1382 525 1418 passage
548 1371 727 1405 between
750 1368 902 1403 Rolle’s
927 1369 1158 1403 Comments
1179 1376 1232 1400 on
1256 1374 1390 1399 verses
1416 1374 1433 1398 1
1458 1361 1538 1398 and
1562 1371 1581 1398 2

238 1430 280 1465 of
303 1430 372 1465 the
399 1431 612 1466 Canticum
639 1425 928 1470 canticorum.)

247 1515 254 1522 .
286 1515 293 1522 .
324 1514 331 1521 .
363 1514 370 1521 .
398 1485 629 1532 grandescit
651 1484 786 1519 oleum
811 1482 993 1517 infusum
1019 1480 1062 1515 in
1086 1491 1153 1515 cor
1176 1479 1362 1521 electum,
1387 1475 1585 1513 dulcescit

244 1555 390 1579 nomen
416 1545 631 1585 retentum,
660 1540 894 1586 impinguat
920 1538 1172 1584 diligentem,
1201 1535 1384 1582 depascit
1410 1534 1584 1569 retinen-

242 1605 338 1645 tem,
370 1611 466 1645 ergo
496 1600 631 1635 oleum
662 1598 837 1633 effusum
868 1606 1015 1631 nomen
1047 1597 1178 1630 tuum.
1232 1594 1376 1629 Oleum
1409 1593 1586 1638 effusum

246 1669 393 1694 nomen
435 1662 577 1694 tuum:
626 1658 714 1693 ideo
755 1654 1051 1692 adolescentule
1093 1653 1324 1689 dilexerunt
1366 1655 1403 1687 te
1444 1650 1581 1685 nimi&

245 1717 401 1751 Nomen
429 1715 549 1749 Ihesu
576 1713 691 1748 uenit
716 1713 760 1747 in
785 1711 997 1746 mundum.
1049 1709 1133 1762 [(j),
1160 1708 1188 1742 f.
1219 1718 1252 1751 2,
1280 1706 1361 1742 and
1391 1706 1464 1752 (g),
1491 1705 1520 1740 f.
1552 1714 1585 1748 1,

242 1773 339 1808 both
366 1773 489 1817 begin
515 1770 641 1823 here]

247 1859 254 1865 .
286 1858 293 1865 .
324 1858 331 1864 .
363 1858 370 1864 .
397 1840 479 1865 non
499 1829 647 1864 recedit
668 1839 690 1863 a
710 1838 776 1862 me
794 1839 801 1862 :
829 1837 925 1872 ergo
942 1824 1198 1860 benedictum
1219 1822 1275 1857 sit
1294 1831 1441 1856 nomen
1463 1819 1585 1855 Ihesu

245 1887 289 1922 in
325 1887 459 1923 secula
496 1886 736 1921 seculorum.
793 1882 1031 1929 (zexplicit
1067 1881 1108 1916 of
1145 1880 1215 1915 the
1250 1878 1361 1914 third
1397 1877 1585 1913 section.1

244 1945 329 1980 The
346 1945 474 1979 scribe
496 1944 595 1978 then
617 1941 910 1988 interpolates,)
962 1939 1078 1975 Unde
1101 1937 1265 1984 quidem
1288 1944 1412 1971 uerus
1434 1935 1589 1969 amator

244 2002 364 2037 Ihesu
395 2001 568 2036 dulciter
597 2000 717 2035 dixit.
768 1999 854 2033 The
882 1998 1011 2043 hymn
1041 1994 1252 2039 following
1280 1993 1317 2028 is
1346 1991 1514 2027 marked
1544 1989 1589 2024 in

247 2059 318 2094 the
357 2058 545 2103 margin:
594 2059 699 2092 Nota
740 2056 967 2091 oracionem
1009 2053 1059 2089 de
1099 2051 1263 2088 nomine
1304 2050 1426 2085 Ihesu
1466 2047 1587 2083 ualde

245 2116 447 2151 deuotam.

521 2181 661 2217 Dulcis
692 2181 808 2216 ihesu
835 2178 1029 2214 memoria

519 2239 621 2274 dans
649 2249 745 2274 uera
773 2237 884 2273 cordi
913 2236 1063 2282 gaudia

522 2296 592 2331 Sed
622 2306 745 2342 super
773 2295 852 2329 mel
881 2297 922 2329 et
950 2293 1086 2328 omnia

522 2354 609 2388 eius
637 2353 768 2388 dulcis
796 2351 1016 2398 presencia.

249 2439 334 2474 The
362 2439 489 2484 hymn
517 2438 643 2473 ends:
678 2448 769 2472 cum
798 2437 888 2482 ipso
915 2435 995 2470 frui
1023 2434 1200 2470 sedibus.
1253 2433 1288 2467 A
1314 2431 1390 2466 few
1417 2429 1521 2465 lines
1548 2427 1590 2463 of

251 2506 367 2542 prose
397 2507 462 2531 are
493 2495 620 2530 added
650 2495 782 2529 before
811 2494 881 2528 the
910 2492 1088 2537 heading

254 2555 348 2590 Ideo
368 2553 661 2589 adolescentule
683 2553 913 2588 dilexerunt
935 2556 970 2587 te
991 2551 1114 2586 nimis
1138 2546 1359 2594 (=Rolle's
1379 2545 1590 2581 Comment

254 2621 307 2646 on
336 2612 401 2647 the
436 2611 636 2645 Canticles
668 2608 804 2654 again,
837 2608 947 2653 till):

255 2695 263 2703 .
294 2696 301 2703 .
333 2695 340 2702 .
372 2695 379 2702 .
406 2667 535 2713 igitur
566 2667 599 2702 Ο
631 2666 735 2701 bone
766 2665 887 2700 Ihesu
917 2663 1123 2710 propicius
1149 2664 1237 2698 esto
1265 2657 1382 2696 nobis
1413 2656 1587 2700 miseris,

121 2746 147 2777 1.
174 2743 240 2776 See
256 2753 288 2785 p.
311 2743 363 2775 60.
