1757 2990
106 158 150 195 26

553 156 776 192 OXFORD
818 154 1197 190 MANUSCRIPTS

301 273 440 306 sancte
461 272 532 305 aut
553 270 661 305 iuste
682 269 799 304 uiuat
824 268 1059 314 (=chapter
1082 278 1122 304 12
1145 268 1397 313 Incendium)
1425 295 1432 302 .
1461 295 1468 302 .
1497 295 1504 302 .
1531 294 1539 302 .
1561 277 1644 302 eor-

298 327 490 374 poralem.
544 328 647 362 Cum
683 326 900 361 infeliciter
935 325 1117 359 florerem
1157 326 1168 370 (
1179 325 1391 370 :chapter
1428 334 1470 369 15
1505 327 1644 360 Incen-

302 385 428 431 dium)
462 413 469 419 .
501 412 508 419 .
539 412 546 419 .
578 412 585 418 .
614 383 853 419 incitemini.
906 381 1224 427 Intelligendum
1256 382 1382 416 eciam
1413 392 1466 416 ex
1496 391 1647 426 magno

300 442 448 477 amoris
511 441 699 476 incendio
727 468 734 474 .
766 468 772 474 .
805 467 811 474 .
843 467 850 474 .
878 438 1127 484 gaudebunt.
1202 439 1384 484 Explicit
1447 438 1648 484 quomodo

299 499 466 546 perueni
493 499 543 534 ad
568 498 802 533 incendium
829 496 990 532 amoris.

354 556 542 603 (Domine
568 556 666 591 deus
692 565 821 598 meus,
849 554 939 599 etc.)

462 673 513 715 S.
540 672 707 728 John‘s
733 671 923 725 College
949 669 1052 711 MS.
1086 670 1287 724 127=(t).

108 769 278 812 Coxe’s
310 769 578 823 Catalogue‚
611 768 719 808 Part
749 767 808 815 II,
838 781 883 822 p.
914 777 986 818 37.
1052 763 1259 806 “Codex
1291 763 1566 809 chartaceus,
1599 759 1646 799 in

221 845 309 891 4to‚
354 850 442 878 sec.
489 835 594 884 XV,
635 849 690 876 ex
726 835 851 876 dono
887 833 992 889 Joh.
1038 832 1214 887 Whyte
1256 831 1311 873 de
1351 827 1643 884 Suthwycke.

228 904 388 956 1555.”
451 903 576 944 Thin
606 903 802 950 volume,
834 902 912 943 ink
942 899 1070 949 faint,
1099 900 1191 942 and
1218 898 1402 954 writing
1432 905 1510 939 not
1536 909 1647 952 very

222 972 364 1022 clear3
410 978 487 1012 not
516 970 720 1014 foliated.

114 2430 143 2465 f.
164 2431 248 2475 77b.

116 2602 144 2638 f.
165 2603 222 2647 78.

117 2716 145 2752 f.
166 2716 250 2762 78b.

308 1051 460 1097 Incipit
481 1054 678 1087 tractatus
700 1050 750 1086 de
772 1060 908 1085 amore
929 1049 992 1085 dei
1015 1051 1154 1084 contra
1175 1051 1373 1083 amatores
1396 1046 1553 1082 mundi.

307 1109 551 1144 Admirabar
578 1108 756 1153 amplius
784 1118 906 1153 quam
935 1106 1110 1142 enuncio
1137 1134 1144 1140 .
1175 1133 1183 1140 .
1215 1133 1222 1140 .
1253 1133 1260 1140 .
1293 1105 1392 1151 (The
1419 1104 1533 1140 short
1558 1105 1650 1141 text

306 1167 348 1202 of
371 1167 441 1202 the
465 1167 706 1202 Incendium
731 1165 901 1200 follows.
955 1164 1151 1210 Chapters
1178 1166 1249 1198 not
1273 1162 1442 1197 marked
1467 1173 1512 1197 or
1533 1171 1649 1197 num-

308 1224 441 1268 bered,
472 1224 546 1259 but
575 1234 715 1269 spaces
744 1223 818 1258 left
847 1222 908 1257 for
937 1221 1108 1268 capitals
1139 1224 1180 1256 at
1209 1220 1437 1266 beginning
1467 1219 1508 1254 oi
1535 1229 1649 1265 para-

307 1282 473 1328 graphs.
525 1281 654 1317 Small
690 1280 893 1326 marginal
929 1283 1045 1314 notes
1083 1282 1124 1314 at
1162 1277 1371 1321 intervals,
1413 1279 1437 1293 “
1458 1278 1564 1312 Nota
1600 1275 1651 1311 de

307 1339 571 1374 conuersione
600 1339 718 1382 suo,'‘
749 1338 841 1384 etc.)

307 1425 315 1432 .
346 1425 353 1432 .
385 1426 392 1432 .
424 1424 430 1431 .
459 1397 601 1431 saluus
649 1406 728 1430 ero.
796 1397 939 1429 Amen.
1007 1393 1192 1440 Explicit
1237 1395 1436 1428 tractatus
1483 1393 1653 1426 uocatur

309 1454 542 1490 incendium
589 1453 750 1489 amoris.
806 1453 935 1498 (Then
979 1462 1089 1488 some
1134 1460 1250 1486 verse
1294 1448 1493 1485 scribbled
1538 1448 1582 1483 in
1627 1458 1650 1482 a

309 1511 496 1547 different
525 1511 648 1554 hand,
680 1510 779 1545 with
808 1510 877 1545 the
906 1520 1045 1545 names
1078 1508 1278 1543 Bloxham
1308 1507 1388 1542 and
1419 1505 1652 1541 Alexander

309 1569 445 1604 Biseld
473 1568 687 1614 occurring
715 1568 759 1602 in
787 1567 849 1613 it.)

309 1626 458 1672 Incipit
483 1628 682 1662 tractatus
707 1636 830 1671 super
854 1624 1057 1659 canticum
1083 1622 1346 1657 canticorum.
1398 1619 1654 1666 Suspirantis

310 1684 444 1719 anime
482 1683 639 1718 deliciis
669 1711 676 1717 .
708 1710 715 1717 .
747 1710 754 1717 .
786 1710 792 1716 .
825 1684 884 1727 (as
929 1684 1046 1726 Vesp.
1084 1681 1131 1718 E.
1174 1691 1215 1723 15
1253 1679 1327 1714 but
1364 1689 1463 1724 very
1498 1676 1651 1722 closely

309 1741 483 1784 written,
510 1741 590 1776 and
614 1743 685 1775 not
708 1750 805 1785 easy
828 1742 871 1774 to
894 1738 1002 1784 read)
1035 1765 1042 1772 .
1074 1765 1081 1772 .
1113 1765 1120 1772 .
1151 1765 1158 1772 .

359 1799 462 1843 Quia
491 1799 657 1834 meliora
687 1802 783 1833 sunt
816 1797 899 1842 (the
927 1795 1056 1831 scribe
1083 1795 1157 1830 has
1187 1794 1348 1829 written
1376 1792 1540 1838 against
1566 1791 1651 1827 this

310 1855 353 1890 in
371 1855 441 1891 the
460 1855 636 1900 margin)
660 1867 667 1889 :

401 1914 492 1947 Non
514 1912 558 1947 in
581 1923 701 1947 carne
721 1911 797 1946 tibi
821 1911 890 1945 fiet
912 1909 1074 1952 fiducia,
1098 1919 1256 1944 carnem

398 1969 629 2015 Comprime
659 1980 710 2004 ne
741 1968 934 2014 reprimat
963 1971 1003 2003 te
1034 1966 1187 2002 niciosa
1218 1976 1321 2001 caro.

359 2028 461 2063 Cum
485 2027 694 2062 laudassat
718 2035 868 2072 sponsa
897 2052 903 2059 .
935 2052 942 2059 .
974 2052 981 2059 .
1013 2053 1020 2060 .

357 2084 570 2130 Expulsus
614 2096 637 2119 a
684 2083 873 2129 paradiso
902 2110 908 2117 .
940 2110 947 2117 .
979 2109 986 2116 .
1018 2109 1025 2116 .
1053 2081 1321 2116 retinentem:
1375 2090 1470 2124 ergo
1517 2077 1653 2113 oleum

357 2142 531 2177 effusum
577 2152 725 2176 nomen
769 2143 900 2176 tuum.
956 2139 1098 2185 (Then,
1143 2137 1321 2183 missing
1363 2137 1433 2172 the
1476 2135 1653 2172 sections

312 2200 456 2236 OZeum
487 2199 567 2234 and
597 2197 937 2242 Adolescentule.)

360 2258 485 2293 Trahe
518 2268 580 2292 me
612 2260 705 2302 post
738 2260 774 2291 te
810 2285 816 2291 .
854 2285 861 2291 .
898 2285 904 2291 .
942 2282 949 2288 .
984 2252 1177 2288 felicitate
1206 2251 1412 2294 clamabit,
1444 2250 1560 2286 trahe
1591 2260 1655 2284 me

307 2317 400 2360 post
426 2317 479 2349 te.

360 2372 576 2407 Curremus
606 2373 649 2407 in
679 2372 854 2412 odorem,
882 2371 958 2404 etc.
1009 2368 1111 2405 Ecce
1140 2367 1296 2402 iratres.
1328 2394 1334 2400 .
1367 2393 1373 2400 .
1405 2394 1412 2400 .

308 2459 315 2466 .
341 2459 348 2466 .
375 2459 381 2466 .
407 2456 414 2463 .
436 2429 535 2464 dum
556 2427 739 2463 canimus
760 2426 908 2462 amoris
929 2425 1145 2460 canticum.
1191 2425 1410 2459 Curremus
1429 2423 1472 2458 in
1492 2422 1654 2457 odorem

309 2489 613 2532 unguentorum
633 2488 810 2520 tuorum.
863 2484 1006 2519 Omnis
1028 2483 1134 2519 accio
1157 2483 1373 2518 laudabilis
1398 2479 1651 2526 (zEpistoza

310 2543 528 2589 Anselmi).

312 2601 356 2637 Si
383 2600 477 2647 quis
501 2602 639 2635 sancte
666 2627 673 2634 .
704 2627 711 2633 .
743 2627 750 2634 .
782 2627 789 2633 .
821 2599 1089 2643 (Incendium,
1115 2596 1281 2641 chapter
1310 2596 1365 2640 12)
1398 2623 1405 2629 .
1436 2622 1443 2629 .
1475 2622 1482 2629 .
1513 2623 1520 2630 .
1551 2595 1654 2640 (pro-

309 2658 433 2704 bably
457 2657 544 2693 also
567 2657 735 2701 chapter
762 2666 818 2700 15,
844 2657 915 2690 not
940 2653 1137 2698 marked.)

312 2743 320 2751 .
351 2743 359 2750 .
390 2743 397 2750 .
429 2743 436 2750 .
463 2713 724 2760 corporalem.
791 2713 857 2750 Ex
907 2722 1059 2757 magno
1110 2710 1259 2746 amoris
1313 2709 1500 2745 incendio
1528 2736 1536 2744 .
1566 2735 1574 2743 .
1605 2735 1613 2742 .
1643 2733 1652 2743 .
