1881 2985
201 203 267 230 212
692 195 900 231 WOMEN
941 195 1056 228 AND
1097 193 1242 230 GOLD

198 310 451 366 Cognoscit
490 311 674 366 quidem
711 318 883 365 postea,
927 310 1037 350 dum
1077 310 1261 351 breuem
1301 309 1651 351 delectacionem
1691 317 1733 352 et

205 378 391 434 longam
418 380 689 420 anxietatem
717 379 959 434 excogitat,
989 378 1111 433 quod
1136 379 1181 418 in
1206 378 1284 418 tali
1309 391 1462 419 amore
1482 378 1734 419 uecorditer

204 453 246 487 et
280 446 543 500 turpissime
574 447 804 488 deuiabat.
904 445 1069 499 Liquet
1107 459 1304 500 namque
1343 445 1465 500 quod
1505 444 1735 499 ligabatur

207 512 381 554 fortiter
402 513 481 554 uili
505 513 692 554 uinculo
712 512 876 554 debilis
898 513 1129 553 uanitatis.
1195 511 1287 553 Sed
1311 512 1418 567 quia
1438 512 1497 553 ad
1519 512 1669 552 Deum
1688 524 1736 552 se

206 586 301 621 toto
333 580 467 621 corde
498 587 757 621 conuertere
794 579 968 620 noluit:
1012 579 1242 620 miseriam
1291 592 1421 620 suam
1465 579 1735 633 priusquam

93 652 119 686 f.
140 654 182 687 38
208 646 331 688 illam
358 654 570 700 expertus
596 653 712 687 esset
737 659 827 686 non
856 645 1089 700 cognouit.
1156 646 1356 700 Ideoque
1384 646 1429 686 in
1456 646 1603 687 lacum
1630 659 1736 699 cap-

207 714 397 755 tiuitatis
416 714 589 762 cecidit,
613 714 719 768 quia
741 714 799 754 ad
821 713 963 755 solem
985 713 1130 768 glorie
1153 726 1244 754 non
1268 712 1478 766 respexit.
1542 712 1593 754 Si
1614 712 1736 753 enim

207 787 358 821 eterne
409 781 500 821 uite
549 779 806 821 dulcedinis
854 780 926 821 uel
977 786 1153 834 guttam
1204 780 1466 834 perciperet,
1500 792 1736 834 nunquam

209 847 404 887 carnalis
428 847 722 900 pulchritudo
747 861 833 902 que
855 855 921 888 est
946 847 1085 888 fallax
1107 855 1148 888 et
1171 861 1292 888 uana
1315 847 1468 903 gracia
1492 848 1632 888 menti
1658 860 1740 889 sue

208 920 300 954 tarn
341 913 489 955 dulcis
529 921 779 967 appareret.
843 914 935 956 Sed
980 914 1066 955 heu
1112 914 1219 969 quia
1256 914 1513 956 miserabile
1548 914 1739 956 delecta-

212 987 414 1021 mentum
441 980 486 1020 in
511 980 655 1022 oculis
679 981 1007 1034 omnipotentis
1033 981 1119 1022 Dei
1143 996 1233 1023 non
1257 982 1461 1030 attendit,
1483 981 1675 1023 fetidum
1699 990 1742 1024 et

209 1047 421 1088 odiosum
449 1048 493 1087 in
519 1061 601 1088 sua
628 1048 833 1102 profecto
856 1049 1139 1090 consciencia
1165 1062 1213 1090 se
1241 1049 1381 1090 nescit
1403 1048 1741 1102 deprehendere

211 1114 414 1156 illusum.
479 1114 628 1156 Nemo
649 1115 847 1169 denique
872 1122 1021 1170 potest
1046 1129 1093 1157 se
1121 1115 1334 1157 illicebris
1357 1116 1509 1158 carnis
1531 1116 1741 1166 tribuere,

212 1190 254 1222 et
278 1196 305 1222 a
333 1182 507 1224 semitis
534 1183 747 1237 equitatis
775 1197 865 1224 non
891 1197 1054 1224 errare.
1118 1183 1256 1225 Unde
1282 1184 1403 1225 enim
1433 1184 1557 1239 ignis
1578 1183 1741 1225 terreni

211 1249 383 1290 amoris
423 1257 620 1291 mentem
663 1250 864 1291 hominis
902 1250 1185 1291 inflammare
1228 1265 1319 1292 non
1357 1251 1554 1292 desinit:
1605 1252 1650 1292 in
1691 1265 1742 1292 ea

213 1315 429 1356 nimirum
481 1330 663 1357 omnem
719 1317 1035 1358 humiditatem
1090 1317 1247 1359 diuine
1300 1319 1452 1373 gracie
1502 1319 1745 1367 consumit,

214 1396 405 1437 eamque
426 1383 607 1424 inanem
623 1391 665 1425 et
683 1384 857 1425 aridam
877 1384 1048 1426 faciens
1068 1399 1247 1439 semper
1267 1399 1401 1427 suum
1423 1387 1617 1428 calorem
1638 1385 1745 1428 facit

216 1463 484 1501 excrescere,
507 1459 548 1491 et
566 1451 621 1492 de
641 1451 747 1506 igne
766 1452 962 1492 auaricie
981 1452 1122 1492 eciam
1143 1453 1298 1507 ignem
1320 1453 1496 1495 luxurie
1514 1455 1744 1503 suscitare,

209 1524 256 1557 ut
290 1517 405 1558 miro
436 1518 573 1558 modo
606 1519 841 1559 insaniens
869 1519 1049 1571 captiua
1077 1520 1245 1570 anima,
1278 1520 1391 1560 nihil
1427 1521 1513 1563 nisi
1547 1521 1747 1563 carnalia

217 1585 441 1626 desideria
470 1594 547 1626 aut
581 1587 773 1628 diuicias
802 1588 1104 1641 multiplicare
1138 1589 1304 1642 cupiat,
1337 1589 1382 1629 in
1418 1588 1574 1643 eisque
1608 1589 1745 1629 finem

217 1666 347 1694 suam
379 1666 569 1707 ponens,
607 1654 773 1708 iugiter
804 1654 1066 1696 habendum
1102 1656 1368 1703 inardescat,
1404 1655 1525 1696 unde
1559 1663 1601 1696 et
1636 1655 1745 1696 dum

218 1726 493 1761 tormentum
523 1735 613 1762 non
640 1722 764 1762 uidet
787 1723 844 1763 ad
873 1723 995 1777 quod
1022 1729 1252 1776 properat.
1318 1722 1387 1763 De
1414 1723 1568 1764 uerbis
1594 1723 1679 1763 Dei
1706 1729 1748 1765 et

219 1787 319 1828 eius
348 1789 573 1842 preceptis
611 1788 724 1829 nihil
754 1796 902 1839 curat;
940 1796 981 1830 et
1013 1790 1121 1844 quia
1157 1790 1254 1831 sola
1305 1791 1389 1831 ista
1438 1791 1658 1831 exteriora
1707 1796 1748 1829 et

220 1855 421 1896 uisibilia
456 1855 624 1897 solacia
661 1856 865 1910 appetit:
910 1857 954 1896 in
996 1857 1287 1898 interioribus
1340 1865 1382 1898 et
1438 1857 1750 1898 inuisibilibus

220 1929 469 1971 excecatus,
504 1923 634 1977 quasi
667 1924 834 1965 clausis
863 1924 1007 1965 oculis
1037 1924 1095 1964 ad
1129 1925 1283 1978 ignem
1315 1924 1456 1965 uadit.
1549 1925 1610 1965 At
1641 1935 1751 1963 uero

223 2003 324 2031 cum
356 1990 514 2031 infelix
538 1991 691 2031 anima
717 2005 743 2031 a
767 2005 953 2044 corpore
981 1998 1116 2032 exuta
1140 1991 1287 2039 fuerit,
1317 1992 1426 2033 sciet
1454 1991 1541 2033 cito
1571 1989 1752 2031 indubi-

222 2064 368 2098 tanter
404 2058 447 2097 in
484 2072 566 2099 sua
602 2058 975 2099 manifestacione
1009 2072 1145 2113 quam
1183 2059 1345 2099 misera
1373 2059 1530 2107 extitit,
1563 2059 1671 2100 dum
1705 2058 1751 2098 in

223 2137 357 2165 carne
390 2124 490 2175 fuit,
531 2139 618 2180 que
654 2139 701 2166 se
738 2139 828 2166 non
879 2125 1027 2167 solum
1080 2125 1313 2165 innoxiam
1360 2125 1439 2166 sed
1489 2132 1530 2166 et
1575 2125 1752 2166 felicem

225 2190 447 2245 putauit]

285 2259 337 2300 In
365 2259 581 2300 omnibus
606 2273 716 2314 ergo
744 2273 831 2314 que
854 2259 1040 2313 agimus
1060 2272 1238 2313 semper
1266 2259 1372 2314 plus
1395 2260 1450 2300 de
1479 2258 1754 2300 mundicicia

227 2327 392 2368 mentis
428 2341 564 2381 quam
602 2327 804 2381 corporis
840 2340 1064 2368 curemus.
1131 2325 1290 2369 Minus
1326 2327 1447 2367 enim
1481 2326 1652 2367 malum
1688 2331 1755 2366 est

226 2408 408 2436 carnem
443 2395 647 2437 mulieris
683 2394 819 2435 nudis
854 2393 1067 2434 manibus
1117 2401 1320 2448 tangere,
1370 2407 1507 2449 quarn
1557 2400 1754 2435 mentem

228 2462 348 2502 mala
373 2461 677 2502 delectacione
706 2461 960 2515 inquinare.
1027 2460 1099 2513 [si
1127 2474 1237 2501 uero
1260 2460 1494 2502 mulierem
1521 2461 1757 2516 tangimus

228 2536 270 2570 et
304 2536 454 2569 tamen
489 2528 532 2568 in
567 2528 701 2569 corde
736 2527 849 2567 nihil
883 2527 969 2568 nisi
1006 2528 1178 2568 bonum
1214 2527 1485 2582 cogitamus,
1521 2534 1755 2582 peccatum

97 2618 121 2650 f.
143 2615 206 2650 3812
230 2596 436 2650 profecto
470 2595 559 2636 dici
597 2608 687 2635 non
725 2595 903 2635 debeat.
1001 2593 1126 2634 Licet
1161 2600 1311 2634 tamen
1349 2608 1429 2647 per
1465 2594 1550 2636 hoc
1582 2594 1757 2649 aliquid

230 2663 475 2718 temptacio
502 2662 653 2704 carnis
681 2668 852 2715 surgat,
882 2660 988 2715 quia
1015 2659 1059 2699 in
1090 2659 1260 2700 malum
1290 2660 1428 2702 homo
1458 2675 1549 2702 non
1578 2661 1756 2708 corruit,

232 2731 342 2772 dum
380 2743 509 2771 mens
544 2729 588 2769 in
627 2728 727 2769 Deo
757 2728 846 2768 fixa
876 2726 1100 2768 consistit.
1194 2726 1405 2781 Cumque
1454 2728 1639 2783 quidem
1682 2743 1762 2771 cor
