1881 2985
566 178 765 221 VISION,
807 178 964 221 SONG,
1006 178 1225 215 FERVOR
1594 194 1657 227 241

140 293 225 333 Dei
252 293 418 347 iugiter
448 293 655 344 iubilant,
689 301 730 334 et
756 301 916 335 cuncta
947 307 1034 348 que
1062 295 1120 335 ad
1150 308 1268 335 uana
1297 297 1455 337 mundi
1487 299 1656 352 gaudia

136 357 377 410 pertinent,
408 359 639 414 falsosque
664 360 859 402 honores
884 361 1079 414 superbe
1104 361 1195 402 uite
1221 369 1262 403 et
1282 364 1548 406 execrabilis
1571 366 1656 407 sub

133 424 395 466 affectuum¹
424 427 620 481 pedibus
646 427 930 469 conculcant.
994 427 1074 468 Hii
1107 428 1321 469 nimirum
1350 429 1573 469 eiciuntur
1599 429 1656 469 ab

140 491 419 543 hominibus,
450 494 530 534 sed
564 494 608 533 in
639 501 883 547 conspectu
918 493 1004 534 Dei
1026 502 1067 536 et
1097 502 1356 535 sanctorum
1387 495 1657 550 angelorum

138 560 369 615 magnifici
397 562 785 609 commendantur,
816 575 1009 616 quorum
1033 562 1169 604 corda
1198 562 1256 603 ad
1284 563 1438 603 omnia
1467 563 1659 605 aduersa

136 627 387 669 tolleranda
412 629 579 670 sistunt
608 630 889 679 inconcussa,
919 642 999 670 nec
1026 636 1164 670 uento
1190 630 1406 672 uanitatis
1431 644 1478 671 se
1502 630 1659 672 sinunt

135 695 432 736 circumferri.
520 696 730 750 Denique
785 697 842 737 ad
900 695 1135 737 Christum
1189 696 1498 750 deportantur,
1556 707 1658 736 cum

137 762 322 802 sublimi
360 763 608 811 sanctitate,
644 763 830 818 quando
867 763 930 803 illi
969 777 1085 818 quos
1123 763 1332 804 homines
1360 762 1659 816 acceptabunt

137 826 370 881 eligentes,
405 829 661 870 deiciuntur
692 830 737 870 in
768 830 1147 883 dampnacionem
1197 836 1239 871 et
1290 831 1335 870 in
1384 836 1658 871 tormentum

137 895 379 936 trahuntur
403 909 505 937 curn
533 896 808 938 demonibus
830 897 928 938 sine
954 896 1043 937 fine
1066 897 1338 938 cruciandi.‘-'

773 1032 882 1074 CAP.
914 1032 1008 1084 343

138 1138 228 1192 (De
245 1138 653 1191 superexcellencia
671 1139 823 1180 canori
846 1139 989 1189 iubili,
1012 1146 1054 1179 et
1074 1139 1196 1193 quod
1217 1152 1297 1180 nec
1316 1139 1404 1180 dici
1427 1152 1507 1181 nec
1524 1139 1660 1181 scribi

251 1205 420 1258 possit;
447 1218 528 1246 nec
546 1205 748 1247 sodalem
775 1206 954 1258 recipit3
982 1213 1023 1245 et
1044 1205 1099 1246 de
1123 1206 1306 1246 caritate
1328 1205 1593 1247 canencium
1619 1211 1660 1244 et

251 1272 306 1312 de
329 1272 529 1313 elacione
552 1272 823 1313 habencium
847 1272 1089 1313 scienciam
1111 1272 1420 1326 adquisitam.)

189 1360 368 1401 Reuera
399 1374 489 1401 non
519 1361 692 1414 absque
722 1360 899 1401 racione
931 1361 1102 1413 rapitur
1130 1368 1305 1401 amator
1332 1361 1659 1414 omnipotentis
1682 1366 1706 1399 f.
1726 1366 1790 1400 46b

137 1429 194 1469 ad
219 1429 393 1469 excelsa
415 1429 640 1469 intellectu
668 1429 897 1477 intuenda,
919 1435 1054 1482 atque
1077 1428 1135 1469 ad
1158 1427 1415 1469 canendum
1435 1424 1659 1468 canticum

137 1508 398 1535 amorosum
435 1508 678 1548 erumpens
711 1495 755 1535 in
791 1496 956 1542 anima,
992 1495 1069 1549 qui
1103 1494 1313 1535 ardenter
1344 1506 1396 1533 ac
1429 1492 1662 1533 euidenter

140 1561 284 1601 uritur
305 1561 515 1602 incendio
531 1560 701 1601 amoris
717 1568 758 1601 et
774 1561 988 1601 dilatatur
1006 1560 1050 1600 in
1069 1560 1333 1601 dulcifluam
1354 1559 1664 1607 deuocionem‚

142 1629 187 1668 in
212 1629 399 1683 ympvnis
426 1629 623 1669 existens
646 1629 723 1682 qui
752 1629 838 1668 mel
854 1628 1117 1670 mediatoris
1140 1627 1316 1681 spirant
1340 1625 1659 1680 pulcherrime.

141 1697 209 1737 Ex
247 1710 340 1751 quo
376 1697 421 1737 in
458 1710 639 1737 omnem
677 1697 967 1737 amenitatem
1003 1696 1250 1738 decantans
1290 1695 1590 1736 introducitur
1620 1700 1659 1734 et

138 1763 243 1804 fons
267 1763 458 1804 feruoris
487 1762 650 1802 interni
679 1762 934 1803 exuberans
957 1766 1001 1804 in
1028 1763 1318 1803 amenitatem
1349 1762 1393 1801 in
1423 1761 1663 1814 amplexus

137 1831 396 1884 suscipitur,
425 1838 467 1871 et
490 1830 714 1884 singulari
742 1830 911 1871 solacio
937 1843 1039 1870 cum
1070 1830 1240 1883 impetu
1270 1836 1444 1871 meatus
1465 1829 1660 1870 amenis-

137 1899 241 1939 simi
276 1898 467 1939 dilectus
498 1898 729 1939 debriatus
780 1898 825 1937 in
873 1897 1114 1938 ardoribus
1161 1897 1348 1950 optimis
1395 1897 1656 1937 adornatur.

140 1965 316 2007 Candet
354 1965 537 2020 quidem
571 1978 709 2018 supra
748 1964 899 2005 niuem
939 1964 1110 2005 nitidus
1142 1971 1184 2004 et
1220 1963 1347 2003 rubet
1386 1964 1490 2017 plus
1523 1975 1659 2017 quarn

140 2046 252 2080 rosa,
285 2032 391 2087 quia
422 2033 529 2086 igne
558 2032 718 2072 diuino
749 2031 1016 2078 incenditur,
1044 2037 1086 2071 et
1118 2030 1349 2071 mundicia
1379 2030 1660 2071 consciencie

140 2100 185 2140 in
214 2099 331 2141 albis
360 2099 601 2140 ambulans
631 2099 881 2139 decoratur.
947 2098 1020 2138 Ad
1050 2097 1136 2139 hoc
1166 2111 1278 2152 ergo
1299 2104 1564 2150 assumptus
1593 2103 1659 2137 est

141 2165 185 2205 in
216 2172 386 2206 secreto
415 2178 551 2218 super
581 2165 707 2216 alios,
741 2166 847 2219 quia
878 2165 922 2204 in
948 2172 1097 2205 mente
1126 2178 1210 2205 sua
1240 2171 1473 2217 permanet
1505 2163 1658 2210 melos,

139 2239 181 2272 et
203 2231 420 2272 melliflua
440 2238 640 2272 moratur
660 2231 949 2272 abundancia
970 2231 1169 2280 ardoris;
1192 2239 1240 2271 ut
1259 2244 1349 2271 non
1373 2231 1521 2272 solum
1545 2230 1589 2269 in
1612 2243 1659 2270 se

140 2298 404 2339 holocausta
436 2297 614 2338 offerret
643 2298 900 2345 medullata,
929 2306 971 2338 et
998 2297 1183 2339 Christo
1216 2297 1373 2338 laudes
1406 2297 1451 2337 in
1486 2296 1659 2336 musico

138 2364 362 2417 spirituali
386 2364 676 2418 persolueret‚
705 2365 784 2406 sed
810 2365 951 2405 eciam
977 2371 1026 2404 ut
1050 2364 1164 2406 alios
1189 2365 1400 2405 excitaret
1425 2364 1482 2404 ad
1502 2376 1658 2403 aman-

139 2432 248 2472 dum
278 2431 321 2471 in
353 2431 453 2472 Deo
479 2445 527 2472 se
552 2432 714 2472 deuote
741 2439 783 2472 et
807 2431 1001 2486 perfecte
1029 2431 1242 2472 festinent
1269 2431 1481 2471 tribuere.
1569 2428 1656 2469 Cui

137 2499 203 2540 sic
231 2498 401 2538 amanti
440 2497 589 2550 ipsum
624 2504 665 2537 et
699 2497 738 2538 ei
767 2498 811 2537 in
843 2497 968 2538 omni
1006 2497 1138 2539 corde
1168 2497 1402 2538 adherenti
1438 2497 1578 2536 eciam
1613 2496 1657 2534 in

193 2579 222 2609 l·
259 2581 306 2622 (9)
342 2579 612 2621 “aspectumn.”
661 2580 710 2621 (h)
740 2580 967 2612 “affecturn.'’

194 2623 222 2651 2-
249 2624 297 2665 (h)
335 2623 518 2666 “explicit
551 2631 656 2663 capm.
693 2623 896 2654 uicesimum
924 2621 1147 2655 secundum.”
1194 2623 1238 2654 In
1270 2622 1344 2654 this
1377 2622 1475 2654 short
1501 2624 1581 2653 text
1612 2632 1656 2653 no

131 2669 233 2700 other
259 2667 405 2708 chapter
434 2666 463 2698 is
491 2666 648 2706 marked,
680 2666 749 2697 and
780 2665 899 2697 “22nd
916 2665 933 2678 ''
963 2666 1045 2698 does
1070 2668 1132 2697 not
1162 2675 1265 2706 agree
1294 2665 1382 2696 with
1410 2664 1472 2697 the
1502 2675 1656 2696 common

131 2710 338 2751 numbering
357 2710 394 2741 of
410 2709 473 2742 the
492 2709 655 2750 chapter-s
674 2708 711 2739 in
729 2709 788 2742 the
810 2709 907 2740 short
927 2710 1037 2749 texts,
1059 2719 1096 2739 as
1116 2707 1152 2739 in
1177 2710 1222 2751 (o)
1251 2708 1293 2749 (s)
1323 2709 1377 2749 (t).

197 2757 226 2786 3.
260 2754 354 2786 John
375 2753 527 2785 Newton
547 2752 665 2784 marks
686 2751 757 2783 this
782 2752 1013 2795 “capitulum
1031 2751 1252 2784 tricesimum
1269 2750 1471 2794 quartum?

227 2822 251 2853 Q
