1881 2985
207 217 274 243 220
570 208 682 246 THE
720 209 914 244 PROFIT
956 209 1024 244 OF
1065 209 1376 246 ADVERSITY

206 327 400 369 aduersa
447 327 607 369 mundi
657 328 846 368 letanter
893 326 1095 374 tolerare,
1144 340 1364 381 prospero
1412 340 1520 369 uero
1567 327 1741 369 fortiter

210 393 382 448 fugere,
415 401 457 435 te
486 394 682 449 religas:
724 394 848 449 quod
880 393 918 435 si
952 393 1038 435 hoc
1064 394 1285 449 ignorans
1317 408 1408 435 non
1439 396 1650 445 attendis,
1680 396 1738 438 ab

208 475 363 503 amore
402 461 573 503 Christi
612 462 830 515 deceptus
860 461 1105 515 egrederis.
1201 460 1307 501 Non
1343 475 1452 516 ergo
1487 461 1662 503 mireris
1701 460 1738 502 si

208 529 405 570 diuersis
465 529 702 583 angusciis
765 528 986 582 fatigeris,
1053 535 1095 568 et
1158 528 1298 569 uariis
1356 528 1742 581 temptacionibus

208 594 454 649 affligaris;
479 596 586 650 quia
608 596 645 636 si
667 602 928 636 constanter
946 595 1131 645 resistis,
1159 594 1336 636 dulcior
1357 602 1399 635 et
1423 595 1567 637 carior
1587 607 1738 636 coram

202 662 303 704 Deo
333 662 555 704 efficieris.
620 662 879 703 Recordare
908 662 1015 716 quia
1043 667 1261 716 tanquam
1292 677 1454 703 aurum
1479 663 1528 703 in
1553 661 1738 714 fornace

201 732 412 786 probauit
462 731 603 772 illos.1
693 730 785 785 Qui
832 731 952 772 enim
1009 729 1179 771 amoris
1226 729 1398 771 Christi
1449 728 1738 769 dulcedinem

208 801 396 842 interius
453 801 674 849 senciunt,
737 799 1085 841 tribulacionem
1149 799 1340 840 libenter
1400 797 1739 850 amplectentes,

206 875 434 909 terrenum
461 867 680 908 solacium
712 867 909 908 exterius
940 866 1130 907 omnino
1162 879 1253 906 non
1287 871 1497 919 querunt.
1561 861 1740 902 Tantus

207 935 327 976 enim
361 942 426 976 est
458 935 616 976 dulcor
649 934 830 975 infusus
860 934 903 974 in
938 940 1087 974 mente
1120 946 1224 974 uere
1258 932 1494 974 Christum
1527 929 1738 977 amantis,

207 1003 329 1058 quod
353 1003 389 1044 si
415 1016 550 1043 omne
571 1002 731 1043 mundi
756 1002 979 1056 gaudium
1006 1001 1050 1040 in
1077 1013 1169 1041 uno
1191 1000 1292 1041 loco
1314 998 1448 1040 fuerit
1471 998 1737 1043 adunatum,

206 1071 357 1125 magis
381 1070 676 1111 delectaretur
701 1070 746 1109 in
768 1069 1062 1110 solitudinem
1090 1080 1267 1108 currere
1295 1079 1431 1121 quam
1460 1064 1572 1105 illud
1598 1062 1738 1105 semel

204 1137 338 1179 oculo
361 1138 594 1190 respicere.
658 1136 754 1177 Nec
780 1136 945 1176 mirum
972 1135 1156 1190 quidem
1184 1147 1289 1174 nam
1315 1141 1407 1173 tota
1432 1140 1608 1172 terrena
1631 1143 1737 1172 con-

204 1205 374 1246 solacio
400 1204 487 1246 sibi
516 1204 698 1245 uidetur
722 1203 883 1258 pocius
907 1203 1136 1244 desolacio
1164 1215 1301 1256 quam
1329 1200 1566 1241 recreacio.
1630 1198 1736 1239 Non

204 1272 325 1312 enim
359 1280 507 1326 potest
539 1272 694 1312 anima
728 1284 848 1311 uana
883 1270 1029 1325 gloria
1070 1269 1253 1323 depasci
1301 1281 1389 1322 que
1435 1267 1570 1309 solito
1613 1279 1737 1307 more

204 1339 416 1380 uisitatur
451 1338 623 1393 gaudio
656 1338 826 1379 amoris
863 1337 963 1385 Dei,
999 1336 1129 1378 cuius
1164 1350 1240 1378 cor
1269 1349 1296 1376 a
1328 1335 1493 1376 dilecto
1528 1348 1614 1376 suo
1644 1347 1736 1375 non

205 1407 383 1454 recedit,
410 1406 517 1461 quia
542 1405 683 1447 cicius
709 1405 823 1446 mori
847 1405 1032 1459 eligeret
1059 1417 1195 1459 quam
1223 1403 1580 1455 Redemptorem
1601 1411 1736 1441 suum

203 1473 343 1515 semel
369 1473 598 1514 offendere
623 1472 775 1514 uellet.

263 1541 327 1582 Ut
358 1548 509 1581 autem
547 1548 589 1581 et
624 1548 669 1580 tu
710 1540 827 1580 hanc
863 1539 1064 1593 graciam
1103 1536 1412 1591 consequaris,
1448 1541 1735 1590 peccatorum

203 1608 511 1662 penitencium
552 1609 760 1661 exempla
801 1607 1059 1648 memoriter
1099 1606 1251 1652 retine,
1292 1611 1553 1645 sanctorum
1593 1602 1734 1643 uitam

204 1676 370 1716 imitari
406 1688 582 1723 conare,
618 1682 665 1715 ut
702 1674 779 1729 qui
813 1680 1021 1727 peccator
1070 1686 1130 1721 es,
1180 1679 1331 1712 tamen
1382 1671 1439 1711 ad
1490 1668 1734 1712 seruicium

198 1743 388 1784 Domini
419 1756 684 1793 conuersus,
720 1756 800 1795 per
825 1740 1117 1796 peccatores2
1146 1740 1204 1780 ad
1238 1751 1430 1792 regnum
1463 1736 1735 1779 sublimatos

202 1812 260 1853 ad
279 1825 407 1865 spem
432 1812 637 1865 respires,
660 1818 701 1851 et
720 1824 800 1865 per
819 1809 1149 1852 scrutacionem
1171 1809 1262 1849 uite
1286 1809 1507 1849 iustorum
1529 1808 1586 1848 ab
1609 1805 1735 1847 omni

203 1880 404 1921 elacione
442 1887 483 1920 te
518 1879 758 1933 restingas.
858 1877 976 1918 Nam
1016 1890 1095 1930 per
1130 1875 1395 1916 memoriam
1436 1875 1496 1915 rei
1535 1873 1737 1914 melioris

196 1947 463 1988 humiliatur
488 1960 617 1988 mens
642 1946 728 1986 uiri
756 1943 1020 1987 sanccioris.
1088 1942 1209 1998 Quia
1237 1943 1565 1996 cuiuscumque
1592 1941 1733 1983 uitam

201 2017 417 2070 scriptam
465 2015 694 2056 inueneris
740 2014 812 2054 uel
856 2014 1041 2054 relatam
1085 2012 1297 2059 audieris,
1338 2023 1517 2064 semper
1563 2008 1734 2049 incom-

201 2082 465 2137 parabiliter
502 2082 624 2123 illam
657 2081 797 2122 uitam
834 2088 875 2121 te
910 2080 1169 2138 digniorem
1203 2077 1503 2119 existimabis.
1597 2074 1734 2115 Tales

201 2150 322 2190 enirn
343 2149 514 2190 Christi
532 2157 758 2189 amatores
776 2148 1003 2195 dicuntur,
1025 2146 1102 2201 qui
1118 2159 1203 2200 pro
1221 2146 1318 2186 eius
1339 2145 1523 2185 nomine
1540 2142 1736 2184 aduersa

89 2226 114 2260 f.
134 2228 177 2261 40
201 2225 243 2259 et
265 2231 428 2271 aspera
450 2217 609 2258 mundi
634 2216 905 2269 suscipiunt,
932 2227 1150 2268 prospera
1175 2221 1216 2253 et
1240 2213 1395 2253 omnia
1420 2225 1539 2252 uana
1562 2209 1734 2267 gaudia

193 2291 541 2337 contempnunt,
611 2282 1004 2336 despeccionibus‚
1073 2279 1337 2334 opprobriis
1397 2287 1438 2320 et
1504 2276 1733 2320 scandalis

200 2360 474 2402 saturantur,
529 2352 573 2392 in
626 2352 722 2393 suis
775 2351 989 2392 laudibus
1034 2356 1315 2404 torquentur,
1370 2348 1447 2402 qui
1500 2361 1584 2401 pro
1633 2345 1734 2386 Deo

200 2420 399 2462 solitarie
463 2420 683 2467 uiuentes,
747 2419 792 2459 in
859 2418 934 2459 uia
1000 2417 1255 2463 morientes,
1322 2416 1380 2457 ad
1443 2413 1731 2456 consorcium

198 2487 469 2541 angelorum
492 2494 790 2527 assumuntur
816 2487 861 2526 in
889 2485 1048 2540 patria.

214 2539 220 2608 i
260 2553 361 2608 Ego
389 2554 510 2594 enim
542 2553 586 2593 in
610 2553 904 2594 solitudinem
935 2553 1035 2607 fugi
1065 2552 1172 2607 quia
1200 2565 1302 2593 cum
1332 2550 1598 2592 hominibus
1624 2561 1729 2591 con-

191 2621 377 2663 cordare
398 2634 488 2662 non
512 2620 654 2674 potui,
682 2634 752 2661 me
773 2633 937 2673 nempe
958 2634 985 2660 a
1007 2619 1180 2674 gaudio
1200 2632 1307 2672 sepe
1328 2617 1662 2671 impediebant3
1686 2622 1729 2656 et

196 2689 303 2744 quia
340 2702 431 2730 non
469 2688 553 2730 feci
585 2689 971 2743 quemadmodum
1010 2687 1096 2741 ipsi
1133 2687 1350 2738 fecerunt,
1385 2694 1426 2727 et
1461 2699 1655 2727 errorem
1687 2691 1728 2725 et

256 2790 284 2820 1.
313 2788 395 2830 Sap.
417 2790 448 2828 3,
467 2790 495 2822 6.
587 2792 617 2822 2.
657 2789 707 2831 (k)
743 2790 760 2802 “
776 2788 1046 2830 penitenciam.’'
