1881 2985
210 183 277 217 274
557 172 669 209 THE
706 171 928 207 NATURE
966 169 1033 205 OF
1070 168 1214 205 TRUE
1251 167 1396 205 LOVE

211 289 424 331 dilexeris
475 296 567 330 tota
618 288 853 330 uoluntate
904 294 993 335 tua,
1045 294 1086 326 et
1137 285 1246 327 odio
1294 284 1509 326 habueris
1558 296 1739 324 omnem

213 355 394 397 sordem
433 355 699 410 iniquitatis,
764 361 805 394 et
840 352 1019 394 dederis
1063 365 1141 392 cor
1190 358 1319 391 tuum
1368 350 1455 403 ipsi
1500 349 1578 404 qui
1630 347 1742 389 illud

215 421 417 471 redemit,
443 428 491 461 ut
515 421 589 462 ille
609 421 665 461 sit
690 433 926 474 possessor
944 426 1049 459 tuus
1072 431 1151 471 per
1175 417 1391 472 graciam,
1415 429 1506 457 non
1531 414 1743 457 diabolus

211 502 292 542 per
356 488 554 541 culpam.
659 485 1061 541 Quemadmodum
1132 485 1286 525 anima
1356 490 1434 524 tua
1505 481 1740 523 Christum

215 556 412 610 quesiuit
447 568 551 596 uere
580 562 621 595 et
670 553 907 607 intrepide,
960 560 1001 593 et
1050 551 1325 606 inquirendo
1374 549 1520 591 noluit
1567 561 1743 591 cessare

213 623 359 664 donec
418 622 653 669 inueniret,
704 622 763 661 ita
807 620 864 661 ad
906 627 1106 661 eternam
1155 618 1350 672 gloriam
1395 617 1657 672 perduceris
1701 623 1744 656 et

214 689 401 731 assistes
435 689 537 729 Deo
566 695 644 729 tuo
692 688 737 728 in
787 687 892 729 sede
938 686 1082 727 beata.
1162 685 1310 739 Igitur
1354 697 1506 725 amare
1553 682 1744 726 consulo

214 757 330 798 sicut
371 755 575 809 exposui,
617 769 719 797 curn
760 754 940 808 angelis
991 753 1146 806 accipe
1196 753 1345 793 locum
1402 758 1544 792 tuum.
1609 750 1744 791 Hanc

215 823 408 878 gloriam
442 829 484 863 et
513 821 733 863 honorem
767 821 872 862 uide
899 834 954 861 ne
984 819 1159 861 uendas
1193 833 1277 873 pro
1304 818 1385 859 uili
1419 817 1619 858 uanitate
1650 829 1743 857 car-

215 890 332 932 nalis
361 889 628 942 uoluptatis.
693 888 910 941 Prospice
941 887 1185 941 diligenter
1215 899 1270 927 ne
1299 899 1426 926 amor
1456 891 1657 926 creature
1685 883 1743 924 ab

213 971 367 999 amore
398 956 628 999 Creatoris
660 964 702 997 te
737 956 961 998 excludat.
1028 955 1081 995 In
1115 962 1233 995 terra
1268 953 1452 1009 quidem
1489 966 1579 994 non
1616 951 1747 993 odias

216 1024 459 1071 miseriam,
490 1023 576 1064 nisi
611 1037 698 1077 que
728 1029 881 1077 posset
907 1030 1036 1062 tuum
1070 1034 1236 1075 purum
1265 1033 1465 1061 amorem
1498 1019 1671 1060 deicere
1703 1024 1744 1058 et

213 1090 498 1140 conturbare,
538 1090 754 1144 quoniam
788 1088 919 1141 sortis
961 1094 1026 1130 est
1060 1093 1109 1129 ut
1142 1100 1265 1127 mors
1305 1086 1503 1140 perfecta
1544 1084 1744 1133 dileccio,

216 1156 328 1196 dura
356 1154 473 1196 sicut
497 1154 705 1206 infernus
733 1167 840 1194 uera
869 1151 1131 1194 emulacio.1
1216 1153 1361 1194 Amor
1388 1150 1508 1191 enim
1538 1156 1604 1191 est
1633 1147 1747 1189 leuis

215 1223 407 1273 sarcina,
434 1228 690 1276 portantem
719 1234 809 1261 non
832 1233 1040 1267 onerans,
1065 1219 1145 1261 sed
1171 1219 1419 1268 alleuians;
1444 1230 1532 1272 que
1558 1216 1748 1256 iuuenes

216 1303 318 1331 cum
352 1289 540 1330 senibus
580 1288 775 1336 letificat,
816 1288 860 1328 in
901 1301 990 1342 qua
1028 1286 1232 1327 exultant
1266 1285 1461 1326 uictores
1498 1284 1745 1324 demonum

215 1363 348 1410 capta
374 1356 526 1410 preda,
559 1356 603 1396 in
634 1369 725 1410 qua
753 1361 1057 1409 proteguntur
1086 1359 1351 1408 pugnantes
1379 1358 1535 1393 contra
1564 1362 1745 1391 carnem

216 1432 258 1466 et
286 1424 528 1466 mundum.
592 1424 736 1465 Amor
764 1431 829 1465 est
858 1423 1018 1464 uinum
1048 1421 1285 1475 spirituale
1316 1419 1549 1461 inebrians
1574 1424 1749 1459 mentes

217 1493 478 1542 electorum,
512 1498 553 1533 et
600 1490 772 1532 faciens
816 1496 1057 1544 prouectos
1086 1496 1129 1529 et
1175 1487 1342 1538 uiriles,
1373 1493 1423 1528 ut
1468 1497 1745 1527 uenenosam

219 1559 377 1600 mundi
408 1558 760 1599 delectacionem
791 1556 1134 1603 obliuiscantur,
1164 1562 1205 1595 et
1236 1567 1317 1595 nec
1343 1553 1544 1607 cogitare
1571 1556 1744 1600 curent,

220 1626 360 1666 immo
389 1625 445 1666 de
474 1624 559 1666 hac
592 1623 884 1665 uehementer
910 1623 1241 1676 dedignentur;
1275 1620 1397 1662 unde
1431 1627 1473 1660 et
1501 1619 1557 1661 de
1590 1625 1749 1660 sancto

217 1706 372 1734 amore
410 1692 562 1733 nullus
599 1704 760 1732 amans
796 1690 1000 1731 amittere
1036 1696 1184 1743 potest
1223 1688 1301 1729 sed
1339 1694 1515 1741 oportet
1552 1685 1747 1727 multum

220 1760 398 1802 lucrari.
464 1759 514 1801 Si
548 1760 668 1800 enim
705 1759 749 1799 in
784 1759 918 1799 corde
953 1757 1144 1798 fideliter
1177 1756 1384 1803 tenuerit,
1418 1768 1546 1795 amor
1574 1754 1749 1807 absque

220 1842 339 1883 pena
369 1836 603 1881 permanet
632 1828 676 1867 in
701 1827 858 1867 animo
885 1825 1084 1866 amantis
1109 1822 1497 1879 quemadmodum
1525 1827 1750 1862 amatores

220 1893 594 1939 enunciauerunt,
644 1891 752 1945 quia
796 1904 924 1931 amor
972 1888 1163 1942 proficit,
1211 1900 1328 1942 pena
1375 1885 1580 1936 destruit,
1646 1895 1749 1937 pro-

221 1959 378 2001 ficiens
407 1972 516 2000 uero
545 1966 587 1999 et
612 1958 853 1999 destruens
879 1956 1072 1997 omnino
1102 1954 1452 1996 contrariantur.
1517 1950 1644 2005 Ergo
1673 1962 1750 1991 cor

222 2026 418 2081 perfecte
449 2039 612 2066 amans
644 2038 735 2065 non
770 2024 906 2065 sentit
939 2035 1105 2077 penam
1140 2034 1221 2062 nec
1250 2019 1526 2066 molesciam,
1559 2029 1651 2058 non
1684 2021 1750 2056 est

220 2094 345 2135 triste
369 2106 450 2133 nec
473 2092 801 2133 turbulentum.
867 2089 945 2132 Sic
966 2088 1193 2143 siquidem
1220 2100 1311 2128 non
1333 2082 1753 2139 compaciscuntur²

222 2160 448 2215 perfectus
480 2172 607 2200 amor
641 2165 683 2198 et
716 2157 918 2198 deiectus
948 2168 1109 2196 meror.
1176 2154 1344 2195 Iterum
1372 2152 1513 2193 eciam
1549 2150 1673 2206 quod
1702 2149 1751 2190 fit

222 2226 413 2267 libenter
455 2238 546 2265 non
594 2223 641 2263 fit
688 2222 922 2276 penaliter.
989 2220 1166 2261 Amans
1208 2225 1360 2259 autem
1408 2215 1665 2258 uoluntarie
1708 2221 1750 2254 et

223 2293 413 2334 libenter
442 2297 668 2344 operatur,
702 2302 815 2343 ergo
841 2301 932 2329 non
965 2287 1100 2328 habet
1135 2285 1363 2326 miseriam
1401 2283 1446 2323 in
1479 2295 1614 2336 opere
1646 2292 1746 2330 suO,

223 2359 302 2401 sed
338 2358 445 2399 felix
478 2365 557 2407 est,
593 2356 638 2396 in
670 2355 797 2396 nullo
829 2361 1023 2401 coactus,
1058 2353 1104 2392 in
1139 2351 1267 2392 nullo
1300 2348 1635 2406 gemebundus,
1671 2345 1750 2388 sed

223 2439 403 2479 semper
436 2437 483 2466 se
520 2424 658 2464 letum
689 2429 731 2463 et
766 2421 955 2461 hilarem
989 2419 1237 2461 ostendens
1326 2417 1470 2458 Amor
1506 2415 1648 2469 igitur
1682 2425 1751 2453 res

223 2492 489 2534 dulcissima
511 2498 577 2532 est
606 2498 647 2532 et
673 2489 916 2531 utilissima
946 2501 1082 2542 quam
1113 2499 1317 2540 unquam
1346 2483 1520 2537 accepit
1547 2488 1751 2524 creatura

225 2558 477 2601 racionalis.
542 2557 623 2598 Est
653 2557 774 2598 enim
820 2555 921 2596 Deo
965 2567 1093 2594 amor
1137 2550 1484 2605 acceptissiums
1528 2556 1571 2589 et
1616 2547 1751 2589 dilec-

223 2627 441 2673 tissimus,
465 2625 542 2680 qui
565 2625 677 2679 ligat
700 2636 790 2664 non
813 2622 961 2663 solum
984 2619 1176 2661 nexibus
1199 2616 1428 2672 sapiencie
1449 2623 1490 2657 et
1512 2613 1752 2658 suauitatis

285 2741 311 2773 1.
359 2738 460 2771 Cant.
504 2739 535 2778 8,
561 2739 589 2768 6.
660 2738 692 2770 2.
722 2736 770 2778 (9)
801 2734 850 2776 (h)
880 2729 1214 2773 “conipaciuntur.”
