1881 2985
79 2407 105 2441 f.

104 861 192 895 f.44

130 2408 194 2440 44b

213 195 280 231 228
486 196 563 232 AN
596 194 961 230 INSTRUCTION
995 194 1102 229 FOR
1133 193 1247 231 THE
1279 194 1478 231 SIMPLE

215 313 406 354 uirtutes
426 313 684 354 confundit.
751 312 888 354 Unde
912 311 989 366 qui
1013 311 1150 352 libere
1172 310 1296 364 cupit
1318 323 1470 352 amare
1489 311 1741 362 Christum,

214 379 359 421 oculis
392 380 557 421 mentis
589 380 647 421 ad
675 392 875 420 amorem
913 377 1116 419 mulieris
1146 391 1236 418 non
1272 377 1435 419 habeat
1471 385 1739 432 respectum.

217 446 437 494 Femine,1
471 447 508 488 si
538 446 661 488 uiros
693 452 861 496 ament,
901 445 1149 494 insaniunt,
1184 445 1291 500 quia
1326 445 1513 486 modum
1545 444 1746 486 amando

213 520 365 554 tenere
397 526 488 554 non
528 513 689 554 sciunt.
789 510 991 566 Quando
1026 518 1177 552 autem
1212 518 1425 552 amantur
1461 512 1745 553 amarissime

214 587 448 635 pungunt.
512 579 672 621 Unum
704 579 886 620 oculum
918 578 1087 620 habent
1116 579 1398 627 insidiarum,
1430 579 1621 621 alterum
1649 579 1743 621 ueri

214 647 410 697 doloris;
436 660 628 701 quarum
652 659 780 686 amor
801 659 987 686 sensum
1012 645 1236 693 distrahit,
1262 645 1489 687 racionem
1515 644 1745 693 peruertit,

215 721 355 755 totam
393 714 559 756 mentis
589 713 868 767 sapienciam
908 713 952 753 in
991 712 1236 754 stulticiam
1271 719 1429 763 mutat,
1469 727 1495 753 a
1534 712 1635 753 Deo
1669 724 1747 752 cor

214 782 394 832 alienat,
425 789 466 822 et
497 781 698 822 animam
736 780 1012 834 captiuatam
1045 780 1321 822 demonibus
1355 779 1590 834 subiugat.
1688 778 1745 819 Et

217 849 403 904 quidam
441 848 519 903 qui
556 847 724 889 carnali
760 860 929 897 amore,
981 846 1062 888 etsi
1114 860 1205 887 non
1256 847 1491 888 uoluntate
1540 845 1748 887 libidinis

215 915 439 969 explende
479 915 713 955 mulierem
756 914 950 967 respicit,
988 927 1070 955 nec
1108 916 1165 957 ab
1208 914 1375 956 illicitis
1411 914 1623 962 motibus,
1665 926 1745 954 nec

214 984 271 1024 ab
298 982 550 1023 immundis
572 982 940 1037 cogitacionibus
961 981 1211 1022 immunem
1237 995 1284 1022 se
1305 980 1516 1028 custodit,
1536 981 1615 1022 sed
1639 992 1748 1033 sepe

215 1063 263 1091 se
291 1049 461 1091 senciet
491 1049 535 1089 in
566 1048 759 1090 maculis
789 1048 995 1096 fetidum,
1041 1055 1083 1089 et
1127 1048 1185 1089 ad
1230 1047 1534 1102 perpetranda
1575 1047 1747 1088 maiora

215 1117 329 1158 forte
353 1117 640 1158 delectatum.

273 1182 462 1236 Species
498 1196 608 1224 uero
639 1183 881 1224 mulierum
920 1183 1089 1224 multos
1126 1183 1306 1236 decipit,
1341 1183 1472 1224 cuius
1506 1182 1747 1235 con-cupis-

216 1251 384 1302 cencia,
417 1251 554 1292 corda
583 1251 725 1292 eciam
756 1251 979 1292 iustorum
1009 1250 1285 1306 quandoque
1328 1249 1564 1297 subuertit,
1608 1255 1749 1303 utque

214 1318 377 1371 spiritu
403 1317 679 1371 inceperant,
706 1318 750 1358 in
777 1331 911 1359 carne
938 1317 1251 1358 terminentur.
1317 1316 1443 1358 Caue
1468 1331 1580 1372 ergo
1604 1330 1659 1358 ne
1687 1317 1747 1357 ita

217 1385 262 1425 in
285 1385 514 1439 principio
532 1386 651 1427 bone
670 1385 1041 1427 conuersacionis
1061 1398 1162 1426 cum
1185 1384 1387 1426 mulieris
1406 1384 1750 1439 pulchritudine

215 1452 495 1507 colloquium
517 1452 699 1500 habeas,
711 1453 833 1507 quod
854 1452 958 1493 inde
975 1459 1161 1505 sumpto
1179 1465 1408 1494 uenenose
1428 1452 1749 1494 delectacionis

217 1520 389 1568 morbo,
413 1520 471 1561 ad
497 1519 813 1574 perferendam
838 1527 880 1560 et
906 1519 1186 1573 implendam
1213 1519 1377 1561 mentis
1400 1519 1745 1561 immundiciam

215 1587 407 1628 scienter
426 1587 656 1640 deceptus,
672 1594 714 1628 et
732 1587 986 1628 uecorditer
1001 1587 1058 1628 ab
1080 1586 1277 1628 inimicis
1298 1586 1504 1628 deuictus
1536 1585 1746 1628 traheris.

218 1654 347 1709 Fuge
381 1662 517 1709 atque
553 1654 766 1696 mulieres
799 1654 1003 1703 discrete,
1036 1660 1084 1694 ut
1119 1666 1300 1706 semper
1334 1653 1644 1708 cogitaciones
1672 1660 1746 1694 tue

222 1723 279 1764 ab
313 1722 380 1763 eis
411 1722 633 1763 distantes
665 1721 755 1763 sint
790 1721 942 1776 longe,
968 1721 1075 1776 quia
1109 1721 1191 1762 etsi
1227 1721 1303 1761 illa
1331 1721 1453 1762 bona
1487 1721 1559 1771 sit,
1594 1729 1744 1761 tamen

216 1792 401 1833 diabolo
427 1792 731 1846 impugnante
756 1799 798 1832 et
823 1797 1113 1845 suggerente,
1136 1790 1286 1843 specie
1314 1802 1496 1844 quoque
1521 1788 1747 1829 alliciente

218 1867 402 1914 propter
423 1859 573 1901 carnis
592 1858 916 1909 infirmitatem,
936 1857 1150 1899 uoluntas
1171 1864 1249 1898 tua
1269 1857 1313 1897 in
1333 1857 1400 1899 eis
1420 1856 1537 1897 ultra
1558 1856 1746 1898 modum

217 1927 380 1981 poterit
434 1926 661 1967 delectari.
750 1925 842 1967 Sed
898 1925 935 1966 si
989 1925 1267 1966 incessanter
1316 1937 1517 1965 amorem
1575 1923 1746 1965 Christi

218 1995 432 2042 rumines,
455 1994 698 2048 ipsumque
721 1993 766 2033 in
789 1999 1033 2045 conspectu
1054 1999 1132 2032 tuo
1153 1991 1430 2045 ubicumque
1452 1989 1622 2032 habeas
1643 2001 1746 2030 cum

216 2062 390 2109 timore,
417 2061 581 2102 estimo
606 2060 729 2115 quod
756 2073 835 2114 per
863 2059 979 2101 falsa
1005 2058 1319 2100 blandimenta
1347 2056 1552 2098 mulieris
1578 2069 1749 2110 nequa-

217 2143 354 2184 quam
383 2128 635 2183 aliquando
664 2126 928 2180 decipieris;
959 2126 1099 2166 immo
1127 2124 1452 2180 quantomagis
1475 2137 1557 2176 per
1589 2123 1748 2163 inanes

217 2197 472 2239 blandicias
506 2196 587 2237 tibi
623 2195 793 2236 uideris
825 2193 945 2235 allici
975 2207 1028 2234 ac
1061 2191 1285 2246 temptari,
1320 2191 1358 2232 si
1394 2190 1494 2232 illas
1527 2196 1746 2244 tanquam

218 2264 505 2319 lanugineml
539 2277 592 2305 ac
642 2262 859 2309 fabulam,
909 2260 1025 2302 sicut
1074 2265 1193 2307 sunt,
1245 2256 1586 2311 contempseris,
1621 2259 1750 2296 tanto

219 2332 434 2372 nimirum
463 2330 649 2371 uberius
670 2328 859 2370 Domini
884 2326 1053 2368 amoris
1076 2325 1250 2381 gaudio
1274 2324 1474 2379 potieris.

277 2397 550 2439 Mirabiliter
580 2396 764 2451 quidem
795 2396 892 2450 agit
924 2394 1136 2436 Christus
1179 2393 1223 2432 in
1269 2391 1446 2432 dilectis
1489 2389 1586 2431 suis
1632 2399 1751 2442 quos

218 2474 373 2507 tenero
400 2478 554 2506 amore
582 2472 624 2505 et
652 2462 837 2517 speciali
868 2461 927 2502 ad
957 2475 1005 2503 se
1035 2460 1166 2514 rapit.
1231 2458 1337 2499 Non
1367 2471 1478 2499 uero
1504 2455 1747 2498 molliciem

217 2541 295 2575 aut
332 2533 530 2586 speciem
564 2531 714 2572 carnis
747 2529 950 2582 cupiunt,
996 2527 1151 2569 omnia
1202 2524 1471 2578 temporalia
1523 2522 1746 2565 obliuioni

210 2601 409 2650 tradunt,
437 2612 657 2654 prospera
680 2598 820 2639 seculi
844 2609 935 2637 non
959 2601 1128 2644 amant,
1155 2606 1236 2634 nec
1257 2593 1411 2647 aliqua
1432 2591 1530 2633 eius
1553 2591 1746 2632 aduersa

219 2669 482 2711 formidant.
578 2667 780 2709 Solitarii
815 2679 913 2707 esse
947 2663 1081 2705 ualde
1115 2661 1329 2716 diligunt,
1362 2667 1410 2701 ut
1444 2659 1488 2699 in
1524 2655 1745 2712 gaudium

276 2761 303 2790 1.
335 2757 376 2800 (j)
400 2757 470 2790 and
494 2756 538 2798 (s)
563 2755 654 2787 have
672 2753 846 2796 marginal
866 2754 960 2785 note.
1010 2752 1028 2765 “
1045 2750 1127 2783 Non
1148 2752 1203 2782 est
1218 2748 1344 2781 modus
1360 2747 1399 2779 in
1419 2756 1536 2779 amore
1555 2741 1750 2777 mulieris.”
