1881 2985
226 211 292 245 168
666 211 960 248 MEEKNESS
993 211 1107 245 AND
1140 210 1320 244 MIRTH

225 328 481 370 Possumus
508 329 629 370 enirn
661 328 827 375 uidere,
852 327 1022 377 audire,
1051 327 1254 375 odorare,
1281 327 1460 376 sentire,
1485 334 1686 382 tangere,
1712 335 1754 368 et

221 394 373 437 tamen
411 409 491 436 nec
521 396 679 436 mereri
717 408 798 436 nec
830 394 1064 435 demereri.
1143 393 1294 436 Omne
1329 401 1481 435 autem
1518 400 1754 448 peccatum

219 470 299 505 aut
322 463 369 504 fit
396 464 440 503 in
467 463 552 503 Dei
576 469 901 515 contemptum,
925 468 1003 502 aut
1029 461 1073 501 in
1097 461 1292 514 proximi
1317 468 1654 508 nocumentum,
1676 466 1755 500 aut

223 530 269 571 in
294 531 364 572 sui
391 531 536 584 ipsius
561 531 897 580 detrimentum,
922 528 1002 569 sed
1024 528 1167 569 multa
1188 535 1384 582 possunt
1407 528 1521 568 inter
1544 527 1754 568 homines

222 596 417 638 inueniri
456 610 543 651 que
583 604 689 638 sunt
730 597 775 636 in
818 595 946 637 nullo
986 596 1192 637 istorum.
1279 595 1465 649 Despici
1508 602 1659 637 autern
1703 607 1755 635 ac

218 664 441 706 confundi
475 665 520 704 in
555 671 800 716 conspectu
834 663 1073 704 hominum
1108 662 1214 703 facit
1244 661 1476 703 hominem
1509 662 1753 716 ascendere

220 732 278 772 ad
311 732 532 786 gaudium
565 732 854 786 angelorum.

276 798 318 840 O
344 799 463 839 bone
492 798 644 848 Ihesu,
673 798 747 839 hic
770 797 968 851 flagella,
996 796 1069 838 hic
1093 810 1209 847 seca,
1236 796 1310 838 hic
1333 803 1530 850 percute,
1560 797 1632 838 hic
1656 809 1750 847 ure,

220 868 363 908 immo
386 867 528 908 facias
551 867 607 907 de
632 880 702 907 me
729 866 948 921 quicquid
973 865 1148 920 placeat
1169 865 1361 907 bonitati
1387 871 1475 912 tue,
1501 863 1755 905 dummodo

218 935 263 975 in
299 935 452 975 futuro
486 934 657 975 malum
689 947 779 974 non
814 933 1022 984 habeam,
1059 933 1138 973 sed
1166 940 1291 973 tuam
1324 945 1524 973 amorem
1553 931 1753 972 senciam

220 1004 293 1045 hic
313 1011 355 1044 et
376 1004 420 1043 in
445 1011 665 1045 eternum.
721 1002 813 1043 Pro
833 1009 875 1043 te
898 1002 1115 1043 omnibus
1135 1015 1232 1043 esse
1254 1001 1504 1054 despeccio,
1527 999 1752 1050 confusio,

91 1079 116 1112 f.
136 1079 200 1112 2932
219 1079 261 1112 et
286 1071 586 1125 opprobrium
611 1070 790 1113 dulcius
812 1077 878 1111 est
901 1070 1013 1110 mihi
1039 1083 1177 1124 quam
1197 1069 1235 1110 si
1263 1082 1448 1110 uocarer
1471 1068 1606 1109 frater
1632 1066 1753 1122 regis

218 1139 396 1187 terreni,
414 1146 456 1179 et
476 1138 591 1179 inter
609 1151 771 1179 omnes
788 1145 830 1178 et
851 1137 908 1178 ab
929 1137 1148 1178 omnibus
1167 1136 1414 1177 honorarer
1435 1149 1487 1176 ac
1507 1135 1715 1177 laudarer
1734 1149 1744 1175 :

220 1214 267 1248 ut
299 1207 438 1248 irruat
469 1219 606 1260 super
636 1219 708 1246 me
740 1205 945 1259 undique
976 1204 1156 1245 miseria
1188 1204 1233 1244 in
1267 1204 1352 1244 hac
1382 1203 1488 1251 uita,
1521 1210 1563 1243 et
1593 1214 1753 1256 parcas

219 1273 331 1314 mihi
366 1273 495 1315 Deus
532 1273 577 1313 in
614 1272 717 1314 alia.
799 1272 890 1314 Hic
925 1272 1032 1314 uolo
1068 1271 1274 1313 tribulari
1307 1278 1349 1311 et
1381 1270 1561 1324 corripi,
1593 1277 1637 1310 et
1666 1269 1754 1309 hoc

217 1341 434 1382 concedat
469 1340 580 1381 mihi
619 1340 832 1381 Christus
867 1340 911 1379 in
949 1339 1161 1393 presenti,
1197 1339 1234 1380 si
1268 1338 1396 1379 aliter
1432 1351 1522 1379 non
1559 1337 1751 1379 euadam

218 1408 417 1450 futuram
451 1407 646 1462 penam!

276 1475 473 1529 Superbi
504 1489 613 1517 uero
642 1482 683 1516 et
710 1475 915 1516 iracundi
949 1475 1009 1514 ita
1039 1474 1127 1515 sibi
1161 1474 1375 1516 uidentur
1405 1472 1595 1528 gloriosi
1628 1469 1752 1526 quod

218 1543 332 1583 nihil
369 1550 564 1596 possunt
599 1542 706 1596 pati,
742 1542 800 1583 ad
837 1542 934 1583 leue
968 1542 1158 1583 uerbum
1196 1555 1303 1596 sepe
1334 1547 1577 1582 mouentur
1607 1539 1750 1580 eciam

217 1611 316 1651 sine
340 1623 493 1651 causa.
558 1609 714 1664 Magis
736 1623 847 1664 ergo
870 1616 977 1651 sunt
1000 1608 1209 1663 fugiendi
1234 1621 1371 1663 quam
1395 1606 1622 1655 uincendi,
1645 1605 1752 1661 quia

217 1678 477 1730 peruicaces
507 1684 613 1719 sunt
640 1684 681 1718 et
714 1677 837 1731 quod
866 1685 1215 1730 assumpserunt
1242 1676 1341 1718 siue
1367 1676 1425 1717 sit
1457 1675 1624 1717 falsum
1653 1675 1752 1716 siue

217 1757 457 1786 erroneum
484 1745 675 1785 omnino
701 1744 967 1795 defendunt,
994 1751 1036 1784 et
1065 1757 1145 1784 nec
1171 1743 1437 1785 auctoritate
1465 1756 1545 1784 nec
1573 1742 1752 1784 racione

217 1820 412 1865 possunt
441 1812 576 1859 uinci,
607 1825 661 1853 ne
685 1812 926 1853 uideantur
952 1811 1058 1852 uicti
1085 1818 1127 1851 et
1157 1811 1463 1864 incongruum
1488 1809 1748 1864 protulisse.

222 1879 279 1920 Et
309 1893 412 1921 cum
447 1880 538 1921 sint
575 1879 745 1921 indocti
776 1886 818 1920 et
854 1879 939 1921 hoc
974 1879 1089 1920 bene
1123 1878 1281 1926 sciant,
1319 1878 1481 1919 uolunt
1517 1885 1667 1917 tamen
1705 1876 1751 1916 in

215 1948 434 1989 omnibus
474 1960 562 2002 que
596 1947 655 1988 ad
698 1947 847 1987 Deum
886 1946 1111 2000 pertinent
1150 1945 1294 1986 uideri
1337 1943 1560 1999 inspirati,
1601 1951 1648 1984 ut
1687 1942 1752 1984 sic

216 2017 386 2071 ubique
411 2016 656 2071 loquantur
683 2016 782 2057 sine
807 2014 1171 2056 contradiccione
1194 2013 1402 2063 alicuius,
1434 2020 1475 2053 et
1505 2011 1679 2052 malunt
1707 2011 1752 2050 in

218 2100 366 2127 errore
394 2099 479 2127 suo
504 2098 747 2133 remanere,
777 2098 914 2139 quam
942 2084 997 2124 de
1022 2097 1076 2124 eo
1098 2083 1142 2123 in
1167 2089 1324 2136 aperto
1352 2080 1636 2134 reprehendi.

274 2153 515 2201 Dimittite,
545 2153 718 2203 fratres,
750 2151 866 2192 hanc
895 2150 1120 2191 insaniam
1147 2149 1391 2202 superbam
1421 2157 1462 2189 et
1488 2146 1751 2200 superbiam

219 2223 442 2271 insanam,
485 2236 538 2263 ac
579 2221 874 2263 humiliemur
915 2219 1047 2261 ualde
1091 2218 1201 2260 dum
1232 2218 1277 2257 in
1319 2217 1395 2258 uia
1432 2228 1605 2262 sumus,
1644 2213 1752 2268 quia

219 2291 383 2332 melius
404 2298 483 2342 est,
508 2291 774 2343 bonumque
799 2287 1008 2335 amabile,
1033 2293 1080 2328 ut
1106 2285 1320 2343 Christus
1345 2284 1464 2324 dicat
1490 2282 1624 2323 nobis
1648 2286 1751 2334 post

217 2365 407 2399 mortem
452 2364 667 2405 nostram,
708 2356 869 2397 Amice
909 2354 1101 2395 ascende
1144 2352 1384 2406 superius:
1442 2363 1588 2405 neque
1631 2349 1751 2390 dicat

219 2425 422 2473 Rustica,
452 2424 672 2465 descende
697 2422 927 2476 inferius}
989 2420 1065 2462 Sic
1090 2420 1210 2460 enim
1234 2419 1316 2459 erit
1345 2418 1401 2459 de
1429 2416 1683 2459 humilibus
1708 2422 1750 2455 et

214 2493 357 2534 elatis.
421 2492 562 2534 Nulla
585 2505 696 2546 ergo
719 2489 972 2537 tribulacio,
996 2487 1120 2529 nulla
1143 2486 1380 2541 anguscia‚
1406 2484 1531 2526 nulla
1554 2481 1748 2529 miseria,

217 2561 343 2603 nulla
373 2559 583 2602 confusio
612 2559 682 2601 uel
711 2558 912 2599 abieccio
938 2555 1140 2597 timenda
1168 2561 1275 2596 sunt
1304 2553 1405 2595 uiro
1431 2552 1580 2593 iusto:
1617 2548 1748 2589 dum-

218 2628 355 2669 modo
386 2640 477 2668 non
503 2633 656 2681 peccat
682 2633 724 2667 et
751 2625 796 2665 in
823 2623 1181 2677 -contemplatiua
1208 2621 1302 2663 uita
1330 2627 1372 2661 et
1404 2619 1450 2660 in
1475 2630 1629 2659 amore
1660 2614 1747 2655 Dei

213 2708 394 2748 semper
421 2694 639 2748 proficiat.
703 2693 980 2747 Priusquam
1009 2702 1206 2744 namque
1231 2686 1469 2742 peruenire
1497 2683 1749 2739 poterimus

280 2795 308 2825 1.
337 2792 390 2825 Cf.
411 2792 499 2825 Luc.
521 2793 570 2830 14,
593 2792 642 2824 10.
