1881 2985
69 769 96 803 f.
115 769 178 805 703>

94 1174 116 1207 f.
138 1174 176 1208 71

199 204 265 238 174
476 195 633 231 GOD'S
671 196 883 233 LOVERS
921 197 979 231 IN
1015 196 1126 233 THE
1163 196 1455 239 JUDGMENT

864 374 974 415 CAP.
1016 387 1077 416 11.

198 474 355 529 (Quod
394 482 619 517 amatores
661 476 747 516 Dei
790 489 892 517 cum
935 475 1037 529 ipso
1076 475 1356 524 iudicabunt,
1398 482 1440 516 et
1481 475 1536 517 de
1576 487 1730 516 amore

312 543 505 584 sciencie
543 543 770 598 adquisite
808 550 849 583 et
890 542 990 590 Dei,
1024 550 1066 584 et
1104 543 1227 597 quod
1267 556 1401 585 uerus
1435 550 1610 584 amator
1650 555 1731 583 nec

313 610 497 652 ieiuniis
526 624 607 651 nec
633 610 917 651 abstinencia
944 623 1023 651 seu
1050 610 1255 651 consiliis
1280 617 1359 651 aut
1380 609 1732 664 presumpcione

313 691 404 718 non
432 685 549 718 errat
577 691 657 719 nec
688 677 896 730 fallitur.)

253 767 471 808 Animam
511 766 759 807 humanam
800 767 945 808 solius
985 766 1071 807 Dei
1110 779 1324 820 capacem
1367 765 1543 820 aliquid
1580 765 1734 807 minus

201 836 302 877 Deo
339 837 526 890 implere
557 849 648 876 non
682 843 847 889 potest.
912 835 1113 890 Ideoque
1144 836 1308 876 terreni
1341 843 1566 877 amatores
1603 847 1732 876 num-

200 917 337 958 quam
367 903 611 944 saciantur.
678 902 883 957 Requies
911 916 1023 957 ergo
1049 911 1305 945 amatorum
1335 902 1507 944 Christi
1535 910 1601 944 est
1629 916 1732 945 curn

200 985 276 1013 cor
310 984 466 1012 eorum
504 971 549 1011 in
588 970 674 1011 Dei
707 984 861 1011 amore
896 984 976 1024 per
1007 970 1284 1012 desiderium
1323 978 1364 1011 et
1401 970 1732 1025 cogitacionem

200 1038 368 1092 figitur,
394 1047 445 1092 et,
460 1052 620 1079 amans
645 1045 686 1078 et
711 1038 877 1079 ardens
904 1038 1111 1080 canendo
1134 1038 1481 1092 contemplatur.
1546 1037 1735 1079 Suauis-

200 1106 315 1146 sima
350 1105 577 1160 siquidem
613 1113 679 1147 est
714 1105 795 1147 hec
829 1106 959 1160 quies
999 1119 1136 1160 quam
1177 1106 1298 1159 capit
1337 1104 1733 1159 spiritusz—dum

200 1172 515 1214 dulcissonum
538 1173 772 1214 descendit
795 1173 1021 1214 diuinitus
1043 1186 1136 1227 quo
1157 1172 1415 1220 delectatur,
1440 1180 1482 1213 et
1507 1173 1552 1213 in
1578 1172 1736 1225 impno

201 1240 428 1294 iperlirico
466 1248 507 1280 et
548 1240 742 1282 ludifiuo
779 1242 952 1294 rapitur
990 1254 1120 1282 mens
1157 1241 1214 1282 ad
1254 1241 1511 1283 canendum
1550 1241 1736 1282 delicias

200 1307 370 1349 amoris
409 1308 565 1348 eterni.
646 1307 852 1349 Resonat
885 1309 974 1349 iam
1011 1309 1195 1363 quidem
1232 1309 1277 1349 in
1314 1323 1390 1350 ore
1429 1309 1530 1351 laus
1569 1309 1655 1351 Dei
1695 1316 1735 1350 et

203 1374 341 1416 Beate
382 1374 595 1430 Uirginis
632 1375 676 1415 in
715 1389 806 1430 qua
844 1376 1206 1417 inestimabiliter
1239 1377 1475 1432 gloriatur.
1556 1376 1613 1417 Et
1651 1376 1737 1417 hoc

202 1442 418 1483 nimirum
459 1442 641 1483 accidit1
683 1443 793 1484 dum
834 1444 1039 1484 canentis
1082 1457 1158 1485 cor
1200 1444 1308 1499 igne
1348 1445 1488 1486 celico
1528 1445 1737 1486 funditus

201 1510 416 1557 exuritur,
441 1517 483 1550 et
508 1510 553 1550 in
578 1510 677 1551 eius
698 1510 1044 1552 similitudinem
1068 1510 1291 1565 figuratur
1319 1511 1363 1551 in
1393 1525 1485 1566 quo
1510 1511 1736 1565 almipho-

203 1589 312 1617 num
344 1584 422 1624 est,
457 1584 497 1617 et
528 1590 742 1618 amenum
778 1578 973 1631 sapore2
1007 1591 1207 1631 superno
1243 1579 1475 1621 inebrians
1509 1579 1735 1628 affectum,

204 1644 324 1684 unde
361 1651 402 1684 et
436 1643 581 1685 affluit
618 1645 809 1686 internis
842 1645 1019 1686 deliciis
1053 1653 1094 1685 et
1131 1659 1300 1687 canoro
1333 1647 1535 1700 cogitatu
1566 1646 1735 1701 gaudet

203 1710 249 1750 in
275 1711 436 1751 ardore
463 1711 741 1753 dileccionis.
808 1712 1119 1753 Inestimabile
1148 1713 1319 1767 quippe
1348 1722 1414 1754 est
1446 1713 1531 1756 hoc
1560 1714 1736 1755 cunctis

203 1778 485 1826 mortalibus,
532 1792 613 1820 nec
658 1786 787 1832 putat
827 1779 1005 1820 alienus
1047 1779 1105 1820 ab
1149 1793 1201 1821 eo
1239 1788 1330 1820 tarn
1375 1792 1517 1821 suaue
1560 1779 1736 1834 aliquid

204 1853 388 1901 tamque
412 1845 681 1887 mellifluum
707 1846 939 1887 hominem
959 1860 1094 1900 posse
1118 1847 1348 1900 percipere
1368 1847 1519 1889 adhuc
1543 1847 1737 1887 existen-

203 1920 292 1953 tem
330 1913 375 1953 in
409 1926 597 1967 corpore
630 1914 753 1968 quod
784 1914 1088 1968 corrumpitur
1119 1921 1160 1954 et
1195 1914 1414 1968 compede
1450 1912 1739 1955 mortalitatis

202 1988 502 2035 aggrauatur.
580 1980 774 2022 Miratur
805 1981 946 2021 eciam
981 1988 1023 2021 et
1060 1980 1305 2034 possidens
1337 1981 1416 2021 sed
1455 1981 1617 2021 letatur
1655 1993 1740 2034 pro

206 2048 425 2089 ineffabili
448 2048 650 2090 bonitate
675 2048 774 2099 Dei,
801 2048 878 2102 qui
903 2048 980 2089 dat
1003 2047 1240 2088 affluenter
1264 2055 1305 2089 et
1329 2061 1420 2088 non
1443 2049 1735 2101 improperat,

205 2129 231 2155 a
280 2129 373 2170 quo
415 2116 580 2169 accipit
627 2116 749 2170 quod
796 2115 944 2157 sentit.
1033 2114 1178 2156 Porro
1222 2128 1324 2157 curn
1372 2115 1581 2156 habuerit
1627 2115 1738 2156 illud

207 2196 429 2237 magnum
459 2190 500 2223 et
531 2196 634 2224 uere
664 2197 900 2237 magnum,
931 2182 1057 2237 (quia
1086 2182 1301 2236 prorsus3
1330 2181 1598 2223 mortalibus
1625 2192 1739 2235 pene

207 2251 527 2306 incognitum),
581 2264 817 2305 nunquam
864 2264 911 2292 se
961 2250 1218 2304 prosperari
1268 2257 1397 2303 putat
1445 2249 1482 2290 si
1532 2246 1738 2294 defuerit,

207 2332 386 2372 semper
418 2332 571 2359 amore
601 2319 801 2373 languet,
837 2318 1004 2373 iugiter
1035 2317 1144 2358 dum
1180 2316 1341 2371 uigilat
1373 2324 1451 2357 aut
1483 2322 1634 2357 cantat
1661 2320 1739 2354 aut

207 2385 378 2439 cogitat
401 2385 457 2425 de
481 2398 634 2425 amore
657 2392 698 2425 et
721 2393 875 2426 amato
893 2398 1001 2435 suo;
1043 2384 1121 2425 sed
1147 2384 1272 2425 solus
1297 2384 1333 2424 si
1362 2383 1496 2424 fuerit
1520 2381 1740 2437 liquidius

207 2453 342 2493 canit.

267 2518 442 2561 Uerum
471 2532 524 2559 ex
552 2533 643 2573 quo
672 2522 775 2573 quis
799 2519 911 2561 illud
937 2518 1150 2571 acciperit
1176 2531 1412 2572 nunquam
1441 2517 1658 2570 deinceps
1681 2515 1738 2556 ab

210 2587 287 2627 illo
327 2586 459 2641 plene
501 2586 677 2634 recedit,
713 2587 823 2640 quin
860 2599 1039 2639 semper
1074 2592 1253 2625 maneat
1295 2584 1446 2626 feruor
1485 2596 1622 2626 canor
1661 2589 1738 2623 aut

271 2688 298 2717 1.
328 2685 435 2718 Short
452 2688 550 2718 texts
571 2686 764 2727 “accipit-’⁷
854 2689 882 2718 2.
912 2686 1017 2718 Short
1035 2687 1132 2717 texts
1153 2686 1170 2698 “
1186 2684 1342 2727 sopore.‘'

272 2731 300 2761 3.
332 2731 379 2771 (9)
414 2729 497 2761 here
524 2729 648 2760 misses
675 2739 695 2760 a
726 2740 813 2770 page
844 2730 881 2761 of
907 2729 970 2761 the
1002 2729 1094 2767 MS„
1127 2728 1398 2769 continuing—“
1412 2726 1622 2759 mortalibus
1655 2735 1743 2766 pene

205 2773 486 2814 contemplando,
507 2773 657 2814 legendo
675 2773 881 2804 meditando
898 2773 999 2804 ''——as
1018 2783 1050 2813 p.
1077 2774 1148 2807 175.
