1881 2985
95 1460 122 1493 f.
140 1460 203 1493 5121

235 188 302 233 258
604 189 716 225 THE
755 188 900 226 LOVE
943 188 1010 223 OF
1050 187 1162 224 THE
1204 188 1401 224 WORLD

237 306 486 348 uehemens
509 307 695 361 quando
720 319 799 360 per
820 305 991 346 amoris
1015 304 1237 359 guadium
1267 305 1382 346 inest
1407 305 1558 346 anime
1583 317 1764 346 carmen

235 374 528 423 canticorum,
553 383 593 415 et
619 382 741 415 estus
760 374 1014 415 exuberans
1036 372 1157 414 dulci
1180 372 1418 414 dileccioni
1444 373 1600 427 prebet
1623 373 1764 414 incre-

237 446 465 489 mentum;
498 453 579 481 nec
608 441 668 480 ita
700 441 788 480 iam
821 440 942 490 libet,
979 439 1367 494 quemadmodum
1400 446 1590 480 mortem
1622 439 1763 479 uitam

236 507 450 561 cogitare.
518 507 651 548 Flosl
692 507 812 547 enim
850 507 894 546 in
927 519 1019 560 quo
1053 506 1241 547 feliciter
1275 506 1456 547 fouetur
1488 519 1580 547 non
1615 512 1764 561 potest

235 573 367 624 finiri,
396 574 537 615 immo
562 574 708 629 gloria
733 587 820 628 que
851 574 1017 628 iugiter
1046 573 1306 628 grandescit
1338 573 1382 613 in
1412 579 1607 621 amante,
1639 572 1763 627 quod

235 642 399 682 mirum
430 649 632 695 apparet,
665 649 855 682 mortem
885 649 927 682 et
959 640 1201 682 melodiam
1233 641 1370 683 simul
1402 641 1447 681 in
1479 654 1623 681 unum
1655 640 1763 681 facit

229 722 340 750 esse.
364 709 482 750 Cum
497 709 617 750 enim
635 722 886 763 peruenero
902 709 959 749 ad
980 716 1169 749 mortem
1189 708 1347 761 incipit
1369 709 1413 748 in
1435 722 1506 749 me
1525 706 1765 763 plenitudo

230 775 527 816 beatitudinis
567 789 679 826 mee,
728 789 865 829 quam
910 775 1158 830 largiturus
1195 783 1260 816 est
1299 775 1412 815 mihi
1455 774 1761 828 omnipotens,

231 855 365 896 quem
386 855 507 883 amo.
548 841 691 883 Sedes
714 855 812 882 mea
834 841 1037 895 profecto
1057 849 1324 895 preparatur
1347 842 1392 882 in
1416 842 1514 883 1000
1536 841 1614 882 ubi
1635 855 1763 882 amor

232 909 372 950 nescit
393 909 683 963 refrigescere
704 909 775 950 uel
795 909 854 950 ad
874 916 1103 962 torporem
1122 909 1366 950 declinare.
1417 908 1530 951 Eius
1548 908 1760 963 equidem

230 989 358 1016 amor
399 976 599 1017 incendit
643 989 718 1016 cor
762 989 927 1024 meum,
969 976 1076 1030 quia
1115 984 1157 1016 et
1196 975 1318 1017 illius
1362 975 1516 1031 ignem
1571 989 1759 1031 possum

226 1044 406 1093 sentire,
437 1043 558 1085 unde
586 1051 628 1084 et
656 1044 794 1085 robur
816 1045 968 1085 anime
993 1056 1090 1084 mee
1118 1043 1357 1097 angariam
1384 1057 1474 1084 non
1503 1043 1757 1098 cognoscit,

229 1112 338 1153 dum
366 1112 431 1153 sic
457 1112 501 1151 in
528 1111 698 1153 solacio
721 1111 892 1152 amoris
917 1118 1039 1152 totus
1060 1125 1161 1152 sum
1186 1111 1408 1152 firmatus.
1474 1110 1578 1165 Ego
1600 1109 1761 1152 deficio

229 1193 308 1233 pre
341 1179 589 1221 dileccione
621 1187 663 1220 et
695 1180 739 1220 in
775 1179 944 1221 sanctis
977 1179 1191 1233 suspiriis
1217 1186 1361 1220 totum
1394 1186 1577 1233 tempus
1608 1193 1759 1220 meum

229 1247 439 1300 expendo
459 1262 468 1287 ε
497 1255 539 1287 01
563 1247 606 1287 111
631 1247 716 1288 hoc
736 1261 827 1288 non
849 1247 930 1288 erit
951 1247 1251 1301 opprobrium
1276 1246 1387 1286 mihi
1407 1259 1558 1287 coram
1580 1242 1760 1298 angelis

232 1313 331 1361 Dei,
356 1314 413 1354 ad
440 1327 634 1368 quorum
659 1314 946 1355 consorcium
970 1313 1180 1354 ardenter
1203 1312 1382 1362 anhelo,
1404 1326 1506 1354 cum
1529 1311 1697 1366 quibus
1719 1317 1761 1351 et

229 1380 537 1422 consummari
579 1380 708 1421 firma
750 1394 830 1434 spe
867 1388 1068 1434 expecto,
1109 1393 1161 1421 ac
1203 1380 1362 1433 pocius
1405 1379 1505 1420 laus
1540 1378 1760 1419 letificans

231 1445 503 1499 languidum
550 1458 672 1486 nunc
717 1444 950 1495 relaxabit,
999 1452 1041 1484 et
1085 1443 1294 1485 beatifica
1333 1443 1453 1484 uisio
1488 1442 1758 1497 almiphona

227 1514 435 1555 ostendet
455 1514 694 1555 manifeste
721 1513 833 1554 illud
859 1514 982 1568 quod
1005 1514 1192 1554 amauit.

288 1579 379 1621 Sed
429 1581 621 1621 omnino
668 1595 723 1622 ue
770 1581 860 1623 illis
909 1594 1103 1635 quorum
1155 1581 1417 1621 defecerunt
1467 1580 1511 1620 in
1560 1580 1760 1620 uanitate

230 1648 489 1700 consumpti
529 1647 626 1689 dies
658 1661 827 1695 eorum,
863 1655 904 1688 et
942 1647 1052 1688 anni
1106 1660 1261 1688 eorum
1310 1659 1413 1687 cum
1463 1645 1760 1686 festinacione

228 1712 474 1766 perierunt,
538 1713 636 1754 sine
696 1713 843 1753 fructu
904 1713 1126 1762 caritatis;
1190 1712 1267 1766 qui
1329 1711 1550 1765 languent
1607 1722 1761 1750 amore

231 1780 482 1828 immundo,
512 1787 553 1820 et
581 1793 666 1834 pro
693 1779 1033 1833 pulchritudine
1061 1779 1243 1833 putride
1267 1779 1429 1828 carnis,
1460 1791 1547 1832 que
1577 1790 1668 1818 non
1694 1783 1761 1818 est

233 1847 319 1887 nisi
362 1846 568 1887 uelamen
614 1846 871 1899 putredinis
910 1853 952 1886 et
995 1845 1322 1895 corrupcionis‚
1373 1845 1471 1886 sine
1520 1842 1761 1885 dulcedine

229 1914 459 1954 ducuntur
479 1913 537 1953 ad
561 1920 775 1963 mortem;
800 1925 938 1966 super
958 1926 1073 1966 quos
1095 1913 1236 1953 eciam
1261 1912 1383 1966 ignis
1403 1911 1564 1953 cecidit
1586 1910 1760 1965 cupidi-

230 1980 336 2020 tatis
363 1987 404 2020 et
431 1979 675 2028 iracundie,
705 1987 745 2019 et
776 1993 866 2019 non
897 1979 1109 2019 uiderunt
1137 1978 1279 2020 solem
1311 1978 1424 2019 lucis
1447 1985 1614 2019 eterne.
1680 1976 1760 2018 Hii

228 2047 399 2088 abeunt
432 2047 477 2087 in
513 2047 849 2097 exterminium,
887 2046 1176 2087 ambulantes
1207 2054 1311 2099 post
1346 2046 1619 2096 uanitatem3
1652 2045 1761 2086 uani

233 2115 337 2156 facti
372 2121 478 2155 sunt
509 2113 625 2154 sicut
655 2127 709 2154 ea
742 2127 829 2168 que
862 2113 1132 2154 dilexerunt.
1228 2112 1428 2153 Proinde
1461 2126 1563 2154 cum
1591 2111 1761 2153 iudica-

231 2183 402 2223 buntur
428 2181 650 2222 uidebunt
678 2180 913 2221 Christum
940 2193 1153 2234 asperum
1181 2187 1222 2220 et
1247 2178 1576 2220 intolerabilem
1602 2176 1761 2223 oculiS‚

234 2248 341 2302 quia
359 2261 461 2289 eum
484 2248 529 2287 in
549 2247 633 2289 hac
654 2248 747 2288 uita
769 2247 813 2287 in
834 2247 1050 2288 cordibus
1065 2247 1162 2287 suis
1180 2259 1369 2287 suauem
1391 2259 1483 2286 non
1504 2250 1758 2287 senserunt.

235 2313 326 2369 Qui
361 2321 512 2354 autem
546 2313 618 2354 hic
652 2314 803 2367 ipsum
840 2314 884 2353 in
919 2326 966 2354 se
995 2309 1174 2354 dulcem
1222 2311 1444 2359 senciunt‚
1494 2310 1555 2351 ibi
1604 2308 1762 2364 procul

234 2382 376 2423 dubio
411 2390 451 2422 et
487 2381 708 2423 blandum
746 2380 980 2421 uidebunt.
1077 2378 1250 2433 Quales
1282 2379 1403 2419 enim
1433 2378 1472 2419 ei
1506 2391 1590 2418 nos
1626 2375 1762 2417 modo

233 2447 502 2488 existimus:
549 2448 652 2489 talis
696 2455 738 2488 et
776 2448 875 2500 ipse
916 2455 1024 2488 tunc
1082 2446 1320 2500 apparebit
1379 2445 1536 2495 nobis;
1589 2444 1761 2486 amanti

235 2515 419 2569 quidem
448 2514 660 2555 amabilis
688 2522 730 2555 et
758 2513 1087 2564 desiderabilis,
1120 2527 1211 2554 non
1242 2513 1413 2554 amanti
1443 2525 1554 2553 uero
1577 2510 1765 2553 odibilis

235 2590 277 2623 et
305 2581 523 2631 crudelis;
561 2594 641 2622 nec
675 2588 740 2622 est
776 2581 860 2622 ista
895 2581 1093 2622 mutacio
1126 2594 1180 2621 ex
1210 2587 1336 2634 parte
1368 2579 1452 2628 sui,
1488 2578 1567 2620 sed
1602 2577 1759 2619 nostri.

239 2649 342 2703 Ipse
391 2649 511 2690 enim
569 2649 686 2690 idem
738 2656 803 2690 est
854 2647 1209 2696 immutabiliter,
1251 2647 1330 2689 sed
1370 2646 1524 2688 omnis
1561 2652 1764 2686 creatura

298 2736 326 2766 1.
348 2732 392 2764 So
412 2731 458 2763 all
479 2731 582 2764 MSS.
633 2730 767 2763 “Melos
784 2730 801 2742 '’
823 2741 933 2763 seems
952 2740 1047 2762 more
1067 2729 1229 2761 suitable.
