1881 2985
217 208 280 241 172
586 199 743 234 GOD'S
780 199 962 236 LOVER
1000 200 1114 233 AND
1152 199 1377 234 ACCIDIA

212 324 389 357 terrena
412 330 515 358 cum
539 316 842 358 delectacione
870 315 1070 368 respicis,
1097 323 1139 356 et
1160 315 1433 369 imparatum
1459 317 1665 358 animum
1687 315 1746 357 ad

212 383 451 436 passiones
478 384 619 425 eciam
647 384 705 425 ad
734 384 880 437 ipsam
908 390 1098 424 mortem
1124 383 1383 424 tolerandas
1411 384 1608 437 reperis:
1644 395 1746 437 pro-

214 450 333 491 fecto
368 450 454 492 Dei
493 464 650 493 uerum
686 458 935 491 amatorem
973 457 1015 490 te
1048 463 1138 490 non
1171 463 1269 491 esse
1305 450 1522 491 ostendis.
1603 448 1748 490 Porro

214 531 350 559 uerus
370 518 559 559 dilector
585 531 666 558 nec
691 518 750 558 ad
774 517 998 559 mundum
1025 516 1182 571 dirigit
1208 517 1405 564 oculum,
1433 529 1514 557 nec
1537 529 1621 570 pro
1647 515 1749 556 Deo

214 585 307 639 pati
343 585 502 626 metuit
536 598 670 626 omne
705 584 828 639 quod
863 583 1043 626 uidetur
1071 584 1196 624 triste
1224 591 1303 625 aut
1337 583 1516 631 durum,
1551 582 1631 624 sed
1666 593 1748 621 nec

214 652 461 706 impeditur
493 667 519 693 a
549 652 823 707 cogitacioni
855 651 1005 693 dilecti
1039 651 1110 693 sui
1145 651 1364 706 quicquid
1397 651 1634 705 contingat
1665 648 1746 689 illi.

213 719 286 761 Tu
316 733 498 774 quoque
527 720 604 774 qui
630 719 715 760 Dei
743 726 918 760 amator
944 727 1022 760 aut
1050 732 1098 760 es
1120 726 1198 760 aut
1222 732 1320 760 esse
1346 726 1439 759 tota
1466 726 1616 759 mente
1642 730 1747 759 con-

214 787 442 841 cupiscis:
480 800 658 841 semper
679 787 811 828 stude
841 794 1064 841 quantum
1093 793 1221 840 potes
1246 799 1325 839 per
1350 786 1551 840 graciam
1577 783 1748 827 Christi

214 854 336 894 tedio
363 867 453 894 non
481 853 612 902 affici,
640 862 681 894 et
709 854 808 894 ocio
834 867 925 894 non
951 853 1067 907 capi.
1135 853 1191 893 Et
1219 853 1257 894 si
1287 853 1563 908 quandoque
1591 852 1751 894 suauis

107 923 131 956 f.
152 924 195 956 32
215 918 410 960 facilitas
428 920 472 960 in
498 921 671 961 orando
696 921 767 962 uel
790 921 1057 961 meditando
1076 920 1157 961 tibi
1182 934 1273 961 non
1296 920 1424 961 adest
1447 927 1494 962 ut
1514 921 1552 961 si
1575 920 1749 960 eleuate

212 986 377 1027 mentis
403 987 418 1011 1
447 989 510 1031 sis
543 1002 623 1043 per
658 989 851 1031 iubilum
881 996 1035 1030 sancte
1064 988 1484 1041 contemplacionis,
1517 995 1560 1028 et
1591 998 1751 1029 canere

216 1065 263 1099 ut
295 1057 476 1098 solebas
508 1070 599 1097 non
633 1057 816 1110 poteris,
846 1065 893 1098 tu
928 1069 1019 1097 non
1053 1069 1201 1097 cesses
1234 1056 1383 1110 legere
1414 1054 1486 1096 uel
1515 1066 1643 1095 orare
1677 1051 1748 1094 uel

214 1123 390 1178 aliquid
416 1124 542 1165 aliud
572 1124 680 1165 utile
705 1124 894 1165 interius
923 1123 995 1165 uel
1024 1123 1221 1164 exterius
1245 1135 1394 1177 agere,
1424 1135 1479 1163 ne
1505 1121 1563 1162 ad
1589 1119 1750 1162 ociosi-

212 1197 348 1232 tatem
366 1190 383 1215 2
405 1190 477 1230 uel
499 1190 719 1231 accidiam
743 1190 979 1232 dilabaris.
1021 1189 1196 1231 Multos
1217 1203 1326 1231 uero
1346 1189 1517 1230 tedium
1538 1189 1673 1230 traxit
1692 1189 1750 1230 ad

215 1261 379 1308 ocium,
393 1268 435 1300 et
452 1260 602 1302 ocium
626 1260 682 1300 ad
705 1259 1042 1313 negligenciam
1063 1265 1106 1298 et
1127 1257 1429 1312 iniquitatem.
1488 1256 1636 1310 Igitur
1655 1262 1753 1297 esto

211 1327 395 1369 feruens
427 1340 606 1380 semper
640 1334 862 1382 quantum
903 1326 948 1366 in
988 1334 1029 1366 te
1067 1333 1148 1376 est,
1179 1333 1223 1367 et
1247 1325 1459 1366 affectum
1494 1332 1624 1363 tuum
1659 1333 1751 1361 non

214 1397 384 1440 habeas
412 1397 680 1438 inclinatum
705 1396 763 1436 ad
788 1395 964 1450 aliquid
993 1394 1117 1449 quod
1146 1394 1201 1435 de
1229 1394 1315 1436 hoc
1343 1392 1519 1434 mundo
1545 1391 1616 1433 uel
1643 1403 1749 1431 con-

213 1465 387 1518 cupisci
421 1465 491 1506 uel
524 1464 678 1504 haberi
707 1470 869 1517 potest.
936 1462 1041 1503 Non
1075 1461 1196 1502 enim
1228 1461 1396 1515 aliquis
1424 1460 1525 1501 Deo
1554 1458 1751 1513 perfecte

216 1533 372 1574 unitur
423 1532 533 1573 dum
582 1531 718 1572 alicui
770 1538 970 1573 creature
1022 1528 1246 1570 mundiali
1299 1527 1462 1569 affectu
1516 1525 1747 1580 alligatur.

217 1599 419 1655 Quidam
454 1599 597 1640 eciam
633 1606 739 1639 sunt
776 1597 853 1652 qui
886 1597 1082 1638 exterius
1116 1596 1216 1637 Deo
1248 1602 1471 1649 apparent
1505 1592 1750 1639 coniuncti,

216 1674 258 1707 et
289 1666 479 1708 interius
516 1673 623 1708 sunt
660 1665 935 1706 demonibus
968 1664 1122 1705 dediti.
1201 1663 1281 1703 Hii
1319 1670 1425 1704 sunt
1463 1662 1751 1703 simulatores

216 1741 258 1775 et
297 1733 450 1774 callidi
492 1733 569 1788 qui
609 1740 862 1787 prouocant
902 1732 1014 1772 iram
1057 1731 1159 1772 Dei.
1237 1729 1540 1772 Simulatores
1579 1729 1751 1784 quippe

218 1809 325 1843 sunt
354 1801 431 1856 qui
460 1801 603 1842 uerbo
631 1800 855 1841 mundum
884 1806 1215 1852 contempnunt
1242 1806 1284 1839 et
1310 1797 1437 1838 illum
1461 1797 1580 1838 facto
1611 1796 1752 1836 nimio

216 1869 408 1924 diligere
449 1875 715 1910 noscuntur.
794 1867 864 1908 De
906 1867 1006 1907 Deo
1047 1867 1284 1920 loquentes
1325 1864 1468 1906 uideri
1509 1863 1671 1905 uolunt
1709 1868 1752 1902 et

219 1937 410 1979 interius
447 1937 492 1977 in
530 1943 707 1978 tantum
745 1949 898 1976 amore
936 1933 1127 1989 pecunie
1166 1933 1409 1986 capiuntur
1447 1932 1571 1986 quod
1609 1931 1751 1972 eciam

217 2006 495 2061 quandoque
520 2019 603 2059 pro
627 2002 897 2058 dispendi03
927 2003 1133 2057 litigant3
1165 2001 1242 2056 qui
1267 2014 1318 2042 os
1343 2014 1477 2041 suum
1499 1998 1754 2052 aperientes

220 2074 321 2115 Deo
366 2074 506 2121 hiant,
553 2080 594 2114 et
638 2073 822 2126 penitus
867 2070 1118 2112 deuocione
1162 2074 1377 2114 carentes,
1425 2077 1528 2107 cum
1575 2063 1752 2104 nullum

216 2141 440 2182 feruorem
489 2140 593 2181 fidei
652 2147 694 2179 et
746 2138 948 2180 caritatis
991 2136 1202 2186 habeant,
1246 2133 1562 2176 sanctissimos
1601 2138 1752 2171 tamen

220 2209 398 2251 incessu
436 2216 477 2249 et
514 2208 672 2250 habitu
715 2214 757 2248 et
794 2219 1003 2248 sermone
1039 2218 1086 2246 se
1121 2210 1366 2245 ostentant.
1455 2199 1571 2256 [Hii
1611 2200 1754 2241 eciam

219 2277 489 2331 plerumque
527 2290 574 2316 se
614 2276 781 2316 iactant
821 2280 1080 2316 constantes
1119 2271 1163 2311 in
1202 2269 1410 2312 aduersis
1449 2266 1641 2316 leuibus,
1673 2266 1754 2309 sed

217 2359 321 2387 cum
352 2344 411 2385 ad
444 2343 555 2384 illud
584 2342 858 2397 perueniunt
891 2340 969 2381 ubi
1004 2339 1165 2394 pocius
1197 2338 1400 2378 resistere
1427 2335 1656 2384 deberent,
1692 2331 1753 2371 ibi

221 2414 363 2456 cicius
385 2413 662 2467 franguntur
684 2420 726 2452 et
746 2411 927 2459 cadunt,
949 2416 991 2451 et
1013 2416 1121 2449 tunc
1145 2406 1344 2460 aperitur
1367 2404 1606 2446 manifeste
1631 2401 1754 2457 quod

88 2496 116 2531 ί.
137 2494 200 2529 326
221 2483 348 2537 prius
386 2488 478 2522 erat
515 2480 756 2522 occultum.
819 2477 1031 2531 Cumque
1067 2474 1248 2516 diuiciis
1279 2472 1469 2514 affluant
1502 2478 1543 2511 et
1578 2465 1756 2510 deliciis

220 2557 478 2605 pascantur,
517 2548 674 2589 dicunt
712 2554 862 2586 tamen
901 2558 949 2586 se
988 2542 1228 2583 minimum
1266 2539 1513 2585 comedere,
1551 2544 1593 2577 et
1630 2533 1753 2590 quod

220 2624 392 2657 tantam
430 2615 760 2670 cogitacionem
791 2613 960 2653 habent
991 2609 1114 2665 quod
1145 2615 1266 2649 totus
1303 2606 1505 2648 mundus
1537 2617 1628 2645 non
1665 2600 1753 2642 nisi

278 2698 305 2727 l.
328 2697 375 2737 (9)
402 2693 575 2726 “eleuare
600 2697 759 2726 mentem
787 2702 858 2724 non
886 2690 999 2733 possis
1028 2700 1090 2732 per
1116 2687 1302 2721 iubilum.'⁷
1363 2688 1392 2718 2.
1423 2687 1471 2727 (9)
1492 2682 1757 2717 “metatam’'

217 2740 246 2772 3.
273 2739 334 2781 (f)
363 2737 412 2778 (k)
439 2737 479 2776 (l)
506 2740 550 2777 (r)
578 2740 625 2779 (q)
653 2739 709 2775 (w)
735 2734 976 2777 “dipondioff
1003 2745 1026 2766 a
1056 2731 1152 2765 word
1184 2735 1248 2763 not
1286 2729 1399 2763 found
1429 2729 1466 2761 in
1491 2728 1675 2769 Ducange.
1709 2727 1758 2769 (9)

218 2785 270 2824 (n)
290 2780 540 2823 “stipendia’'
585 2779 720 2822 Misyn,
739 2781 759 2796 “
772 2782 845 2811 two
860 2775 1042 2820 halpens.''
