1881 2985
251 192 318 237 276
550 194 585 228 A
622 194 840 231 PRAYER
875 193 982 228 FOR
1017 192 1304 231 SPIRITUAL
1340 194 1484 230 SONG

253 314 490 356 Meliorem
534 314 793 357 felicitatem
835 315 1001 370 ignoro
1052 321 1095 356 et
1151 312 1585 366 habundanciorem‚
1641 330 1778 372 quarn

249 383 416 424 sentire
444 382 488 423 in
515 389 664 424 mente
694 397 792 424 mea
819 395 1008 424 suauem
1031 382 1200 424 amoris
1229 382 1469 424 feruorem.
1534 382 1777 425 Omnium1

251 450 477 504 optimum
510 451 673 492 estimo
719 464 817 492 esse
863 449 1046 492 Ihesum
1091 450 1135 491 in
1184 450 1320 492 corde
1363 450 1515 506 figere,
1564 458 1606 493 et
1652 451 1778 493 aliud

252 532 541 573 nequaquam
576 519 844 560 desiderare.
909 517 1013 572 Ipse
1050 518 1171 559 enim
1212 518 1347 559 habet
1384 519 1568 560 amandi
1604 520 1778 562 bonum

252 587 455 637 inicium,
489 586 566 641 qui
596 586 806 627 lacrimas
830 585 965 627 habet
992 586 1252 636 amatorias,
1277 600 1381 628 cum
1406 585 1528 627 dulci
1558 586 1778 641 languore

251 660 293 694 et
325 653 551 695 desiderio
581 659 856 694 eternorum.
922 651 1025 706 Ipse
1058 665 1168 693 uero
1202 652 1417 694 Christus
1462 653 1592 708 quasi
1624 659 1780 694 nostro

249 733 403 761 amore
436 720 636 774 languet,
684 720 794 761 dum
842 726 970 761 tanto
1014 719 1174 761 ardore
1207 727 1255 760 ut
1303 733 1386 761 nos
1432 720 1690 774 adquireret
1720 720 1777 761 ad

250 799 427 826 crucem
462 785 725 827 festinauit:
764 785 843 827 sed
881 799 1040 826 uerum
1074 785 1239 826 dicitur
1277 785 1384 840 quia
1420 799 1548 826 amor
1580 785 1695 840 preit
1731 785 1776 826 in

249 853 464 906 tripudio,
500 860 541 894 et
574 866 751 894 coream
784 853 923 895 ducit.
989 852 1126 908 Quod
1161 852 1396 895 Christum
1433 853 1492 895 ita
1527 853 1776 896 demissum

250 921 416 974 posuit,
442 920 554 961 nihil
580 921 667 962 nisi
692 934 820 962 amor
841 920 942 962 fuit.

309 986 429 1028 Ueni
464 987 677 1029 Saluator
710 1002 839 1030 meus
869 988 1071 1030 animam
1102 1001 1248 1030 meam
1275 987 1532 1030 consolari!
1569 988 1777 1031 stabilem

249 1068 320 1096 me
344 1054 415 1096 fac
436 1055 481 1095 in
503 1055 767 1106 dileccione,
794 1062 841 1096 ut
865 1068 1016 1097 amare
1039 1068 1275 1110 nunquam
1300 1055 1516 1097 desistam
1537 1054 1546 1096 !
1574 1055 1777 1097 dolorem

249 1123 348 1165 dele
385 1137 488 1165 cum
527 1123 719 1164 transire
750 1122 909 1175 debeo,
952 1123 1170 1178 quoniam
1209 1137 1300 1164 non
1335 1130 1401 1165 est
1438 1123 1541 1165 talis
1571 1128 1779 1178 peccator

250 1192 326 1246 qui
357 1191 557 1246 gaudere
591 1205 682 1233 non
730 1192 893 1246 poterit
940 1192 977 1233 si
1020 1192 1078 1233 ad
1138 1198 1180 1233 te
1227 1190 1423 1246 perfecte
1470 1196 1774 1232 conuertatur.

251 1259 563 1301 Reminiscere
597 1260 905 1301 misericordie
939 1266 1026 1308 tue,
1062 1258 1326 1301 dulcissime
1361 1258 1511 1307 Ihesu,
1539 1265 1588 1300 ut
1622 1258 1779 1300 lucens

249 1327 306 1368 sit
341 1327 436 1368 uita
475 1341 573 1368 mea
613 1327 779 1368 uirtute
815 1327 996 1381 repleta,
1036 1334 1085 1368 ut
1124 1326 1306 1368 uincam
1349 1325 1584 1367 inimicum
1626 1338 1777 1366 meum

249 1394 411 1435 fortem
436 1393 582 1436 tribue
604 1394 795 1436 salutem
817 1393 827 1434 1
893 1393 997 1436 Hoc
1022 1393 1161 1435 modo
1184 1400 1226 1435 te
1251 1393 1481 1447 dep-recor,
1503 1400 1552 1434 ut
1579 1405 1670 1434 non
1690 1391 1776 1434 sim

250 1460 453 1514 perditus
477 1473 579 1501 cum
606 1459 702 1500 filio
726 1459 1016 1514 perdicionis.
1083 1458 1153 1500 Ex
1178 1472 1271 1514 quo
1294 1458 1415 1499 enim
1442 1464 1600 1500 sancto
1623 1468 1777 1498 amore

250 1540 382 1568 mens
413 1541 511 1568 mea
554 1526 739 1567 incensa
785 1533 866 1577 est,
915 1526 1093 1580 positus
1136 1539 1237 1566 sum
1280 1525 1324 1566 in
1373 1525 1561 1579 langore
1603 1521 1777 1565 uidenti

250 1594 529 1635 maiestatem
577 1600 717 1644 tuam,
768 1593 1049 1648 paupertatis
1109 1591 1301 1646 proinde
1344 1591 1536 1646 portitor
1578 1589 1777 1638 effectus,

250 1662 455 1715 despicio
478 1662 749 1716 dignitatem
776 1668 902 1709 terre,
930 1674 1011 1702 nec
1035 1674 1145 1702 curo
1167 1660 1224 1702 de
1249 1659 1344 1702 ullo
1368 1659 1557 1701 honore.
1622 1657 1778 1701 Gloria

250 1730 371 1772 enim
402 1744 500 1771 mea
531 1729 737 1772 amicicia
762 1736 843 1771 est.
934 1728 1136 1784 Quando
1163 1742 1315 1770 amare
1348 1729 1618 1782 inceperam,
1650 1740 1780 1768 amor

250 1805 358 1839 tuus
381 1811 460 1840 cor
484 1811 635 1839 meum
660 1797 872 1851 suscepit,
899 1804 940 1838 et
968 1796 1082 1837 nihil
1109 1809 1181 1837 me
1207 1795 1527 1850 concupiscere
1555 1795 1775 1850 permisit,

253 1871 401 1918 preter
430 1878 657 1914 amorem3
691 1863 856 1905 deinde
888 1870 935 1905 tu
973 1863 1100 1904 Deus
1132 1863 1188 1904 de
1221 1862 1343 1904 dulci
1376 1862 1548 1904 lumine
1577 1861 1778 1904 animam

121 1940 148 1976 f.
164 1940 229 1974 9811
254 1947 400 1974 meam
424 1932 704 1974 inardescere
723 1931 882 1980 fecisti,
907 1945 961 1973 ex
983 1944 1075 1986 quo
1098 1944 1178 1985 per
1200 1937 1242 1972 te
1266 1937 1308 1972 et
1333 1931 1378 1971 in
1402 1937 1445 1971 te
1466 1930 1579 1972 mori
1604 1936 1775 1985 potero,

251 2006 293 2040 et
317 1999 552 2041 tristiciam
578 2012 668 2040 non
692 1998 873 2040 sentire.

310 2066 462 2108 Ardor
486 2067 637 2121 itaque
660 2065 940 2108 delectabilis
962 2073 1028 2107 est
1053 2065 1099 2106 in
1123 2064 1258 2107 corde
1282 2070 1477 2111 amante,
1503 2062 1581 2118 qui
1606 2062 1778 2103 tristem

254 2132 513 2174 molesciam
553 2131 791 2173 deuorauit
832 2131 876 2172 in
919 2131 1027 2186 igne
1066 2129 1286 2171 feruentis
1322 2129 1503 2170 amoris.
1599 2126 1779 2169 Dehinc

252 2200 386 2242 datus
418 2206 484 2241 est
517 2199 677 2241 dulcor
722 2197 936 2253 precipue
997 2197 1170 2239 musica
1218 2196 1444 2238 mediante
1489 2202 1532 2237 et
1573 2194 1779 2236 animum

253 2267 549 2316 demulcente,
579 2267 795 2322 quoniam
826 2266 887 2308 ibi
916 2272 963 2307 tu
992 2265 1120 2306 Deus
1143 2278 1273 2306 meus
1300 2271 1342 2305 et
1366 2263 1624 2305 consolator
1651 2274 1780 2303 meus

252 2334 503 2389 preparasti
541 2334 763 2388 templum
803 2339 950 2374 tuum.
1045 2330 1194 2373 Ualde
1235 2330 1419 2386 quidem
1459 2329 1674 2372 deliciosa
1712 2335 1778 2370 est

253 2402 399 2458 gloria
434 2401 492 2443 ad
529 2415 665 2456 quam
704 2400 901 2454 suspiro,
942 2412 1023 2440 nec
1061 2398 1270 2452 cupidior
1306 2396 1469 2452 poterit
1503 2395 1642 2437 homo
1672 2392 1778 2436 sub-

252 2469 421 2519 sistere,
455 2468 500 2508 in
525 2467 602 2508 tali
631 2466 873 2508 desiderio.
937 2464 1074 2507 Unde
1105 2471 1147 2505 et
1176 2476 1386 2505 amorosa
1415 2462 1570 2503 anima
1598 2474 1699 2502 mea
1731 2459 1776 2500 in

253 2549 405 2591 regem
450 2535 642 2589 imperii,
682 2547 730 2575 se
771 2533 896 2576 uelut
935 2545 1169 2587 sponsam,
1205 2543 1388 2578 ornans,
1426 2529 1492 2572 sic
1532 2526 1773 2582 eloquitur.

254 2604 282 2621 “
304 2603 449 2644 Amor
480 2602 637 2644 retinet
667 2614 744 2643 cor
777 2614 928 2642 meum
965 2599 1157 2640 nexibus
1192 2597 1288 2639 suis
1325 2593 1696 2643 insolubilibus‚'’
1734 2598 1776 2633 et

253 2671 297 2711 in
326 2670 402 2711 tali
432 2669 561 2724 ponit
591 2668 934 2722 mancipacione
961 2673 1096 2722 atque
1121 2671 1284 2707 conatu
1309 2670 1437 2705 tanto
1462 2661 1777 2716 complectitur

308 2772 335 2802 1.
366 2769 414 2811 (9)
438 2770 456 2783 “
474 2766 719 2802 Conuiuium.”
769 2766 818 2808 (h)
845 2763 1098 2798 '‘Dominum’'
1146 2763 1189 2806 (γ’)
1211 2760 1452 2803 uncorrected,
1476 2757 1776 2793 “communium''
