1881 2985
617 175 686 210 AT
727 175 838 212 THE
879 175 1185 211 BEGINNING
1598 188 1663 222 227

140 291 347 340 affluunt,
382 299 424 332 et
457 300 606 333 tamen
639 291 938 345 sibimetipsis
970 291 1180 332 uilissimi
1206 299 1441 345 apparent,
1475 299 1517 332 et
1548 293 1663 333 inter

142 372 300 400 omnes
325 372 373 399 se
397 359 631 401 ulteriores
655 373 707 400 ac
733 359 914 400 infimos
940 358 1112 399 uident.

191 425 370 466 Conare
405 438 530 479 ergo,
573 433 615 466 et
654 432 699 466 tu
743 424 819 480 qui
855 424 1006 466 adhuc
1045 423 1171 465 rudis
1202 438 1255 465 ac
1298 423 1557 478 neophytus
1594 436 1657 476 es,

143 494 316 536 fortiter
338 494 533 536 inimicis
556 495 646 536 tuis
669 493 982 548 spiritualibus
1004 493 1220 541 resistere,
1246 493 1289 533 in
1313 493 1447 534 corde
1470 500 1549 533 tuo
1572 505 1662 532 non

142 561 267 603 sinas
291 562 620 615 cogitacionem
645 575 832 615 prauam
859 561 1102 615 quiescere,
1134 561 1272 600 immo
1293 566 1448 601 contra
1475 559 1664 601 insidias

141 628 404 678 demonum,
431 628 726 681 prudenciam
746 627 925 668 adhibe.
988 625 1106 668 Cum
1129 627 1366 667 immunda
1389 625 1666 680 imaginacio

135 694 207 735 uel
239 694 463 749 cogitacio
495 694 720 736 contraria
747 694 982 748 proposito
1014 701 1092 734 tuo
1121 695 1259 734 menti
1289 701 1363 734 tue
1389 692 1659 744 obuiauerit‚

144 763 236 805 noli
256 763 549 804 succumbere
567 763 646 805 sed
666 763 854 804 uiriliter
872 762 1116 817 pugna,ad
1133 761 1368 803 Christum
1391 761 1665 802 incessanter

142 832 289 872 clama
308 831 453 873 donec
475 831 678 872 induaris
701 831 785 871 Dei
807 837 1051 871 armatura.
1117 829 1173 870 Et
1195 829 1232 871 si
1256 827 1415 869 mundi
1435 834 1665 881 contemp·
1686 830 1710 863 f.
1731 830 1794 864 4312

144 904 265 938 tores
287 897 451 938 imitari
475 898 716 945 desideras,
742 911 832 938 non
856 897 1029 952 cogites
1049 897 1159 952 quid
1181 896 1425 950 relinquas,
1451 895 1530 937 sed
1556 894 1666 949 quid

143 971 454 1018 contempnas,
485 971 655 1019 quanto
681 964 842 1005 affectu
870 972 978 1005 uota
1003 971 1081 1004 tua
1108 977 1258 1006 coram
1290 963 1388 1004 Deo
1416 968 1663 1016 presentes,

145 1038 319 1086 quanto
377 1031 602 1073 desiderio
658 1032 829 1072 amoris
872 1044 1027 1085 preces
1070 1030 1246 1077 offeras,
1292 1036 1462 1084 quanto
1508 1028 1667 1069 ardore

145 1099 332 1139 uidendi
364 1098 527 1146 Deum,
553 1098 592 1139 ei
618 1098 808 1152 adiungi
839 1098 1126 1152 languescas.
1189 1096 1239 1138 Si
1269 1110 1403 1138 omne
1432 1102 1666 1150 peccatum

146 1165 341 1218 perfecte
387 1165 528 1213 odias,
572 1166 609 1206 si
652 1165 961 1206 transitorium
1010 1164 1123 1204 nihil
1170 1177 1348 1217 queras,
1397 1164 1434 1203 si
1480 1162 1670 1203 terrenis

145 1231 327 1272 solaciis
359 1232 504 1272 renuit
542 1232 765 1273 consolari
801 1232 954 1272 anima
990 1239 1080 1279 tua,
1116 1232 1154 1273 si
1192 1244 1389 1284 superna
1426 1231 1592 1284 sapias,
1629 1229 1668 1271 si

145 1311 345 1351 superna
380 1298 677 1352 contemplari
718 1306 759 1339 et
798 1300 994 1339 maxime
1031 1299 1116 1339 Dei
1154 1298 1319 1338 Filium
1362 1298 1528 1351 iugiter
1562 1309 1667 1338 con-

146 1368 367 1420 cupiscas,
416 1367 453 1408 si
504 1366 731 1407 moderate
774 1365 976 1420 loquaris
1020 1372 1062 1405 et
1109 1364 1350 1417 sapienter,
1403 1363 1528 1418 (quia
1577 1375 1667 1402 non

146 1434 346 1487 loquitur
366 1433 452 1474 nisi
472 1433 601 1488 quasi
621 1440 815 1480 coactus,
829 1432 958 1473 cuius
978 1431 1166 1485 spiritus
1184 1431 1315 1472 melle
1335 1431 1481 1472 diuini
1500 1429 1668 1471 amoris

146 1510 188 1542 et
217 1501 457 1542 dulcedine
481 1501 661 1542 canoris
687 1500 820 1541 Ihesu
851 1507 917 1541 est
947 1499 1274 1554 liquefactus,);
1307 1511 1407 1540 ecce
1438 1498 1481 1538 in
1513 1497 1602 1538 hiis
1628 1503 1669 1537 et

145 1568 409 1609 huiusmodi
449 1568 717 1608 exercitatus
761 1566 1036 1622 quandoque
1079 1566 1409 1620 perfeccionem
1452 1564 1666 1617 attinges.

145 1634 304 1676 Talem
359 1635 572 1675 nimirum
622 1635 781 1675 mundi
837 1641 1193 1687 contemptorem
1245 1631 1470 1686 approbat
1525 1631 1666 1671 Deus.

148 1703 317 1743 Anima
348 1716 545 1756 namque
576 1715 662 1756 que
689 1709 730 1742 et
760 1701 916 1743 suauis
946 1708 1011 1742 est
1044 1714 1123 1755 per
1153 1701 1344 1740 nitorem
1375 1697 1669 1744 consciencie,

145 1776 187 1809 et
238 1769 400 1810 decora
450 1782 531 1823 per
576 1770 805 1810 caritatem
842 1769 1105 1810 dileccionis
1143 1776 1305 1815 eterne,
1336 1774 1463 1808 ortus
1498 1764 1668 1807 Christi

148 1844 295 1890 potest
334 1837 447 1886 dici;
487 1836 593 1891 quia
632 1850 659 1877 a
689 1837 820 1877 uiciis
874 1843 1080 1890 purgata,
1134 1834 1381 1876 uirtutibus
1433 1833 1574 1880 floret,
1629 1839 1670 1873 et

146 1903 371 1944 suauitate
413 1910 574 1944 cantus
615 1903 784 1954 iubilei,
827 1903 956 1957 quasi
1000 1909 1218 1944 concentu
1275 1902 1430 1942 auium
1483 1900 1668 1955 gaudet.

146 1968 311 2010 Totam
331 1983 440 2024 ergo
462 1970 764 2011 intencionem
788 1978 987 2011 nostram
1007 1970 1338 2010 constituamus
1358 1970 1458 2010 Deo
1474 1968 1670 2016 obedire,

152 2036 252 2076 Deo
284 2037 466 2083 seruire,
503 2037 651 2077 Deum
684 2050 848 2086 amare,
881 2044 922 2077 et
950 2037 994 2076 in
1029 2036 1155 2077 omni
1201 2037 1325 2078 bono
1369 2049 1504 2089 opere
1548 2034 1670 2090 quod

148 2103 344 2158 agimus,
367 2103 425 2144 ad
452 2103 601 2144 Deum
625 2105 861 2158 peruenire
887 2104 1191 2145 intendamus.

208 2168 332 2223 Quid
367 2170 487 2210 enim
523 2169 640 2210 ualet
673 2178 848 2211 terrena
877 2170 1031 2222 cupire
1079 2170 1150 2211 uel
1197 2170 1421 2212 carnalem
1471 2181 1670 2210 amorem

147 2236 373 2287 affectare,
406 2250 508 2278 cum
548 2237 651 2278 inde
690 2237 802 2278 nihil
841 2237 1045 2279 durabile
1084 2238 1249 2278 habere
1287 2236 1548 2291 poterimus,
1584 2234 1670 2275 nisi

152 2303 316 2344 iudicis
366 2304 491 2351 iram,
545 2304 713 2345 scilicet
766 2312 965 2345 eternam
1019 2305 1220 2359 penam?
1304 2305 1447 2345 Amor
1502 2303 1671 2358 quippe

151 2369 344 2410 carnalis
393 2371 720 2423 temptaciones
766 2371 942 2421 excitat,
996 2384 1051 2411 ne
1097 2371 1341 2424 perfectam
1392 2369 1670 2410 mundiciam

149 2437 436 2491 assequaturl
472 2445 661 2485 excecat,
692 2446 875 2491 peccata
905 2444 1159 2492 perpetrata
1207 2437 1415 2485 occultat,
1467 2436 1524 2476 ad
1573 2447 1670 2487 per-

152 2504 371 2557 petranda
403 2517 522 2544 noua
551 2505 718 2545 scelera
742 2505 919 2545 incaute
950 2504 1200 2558 precipitat,
1229 2504 1287 2544 ad
1316 2516 1477 2544 ornnes
1506 2513 1670 2556 prauas

152 2570 478 2611 delectaciones
516 2571 778 2611 inflammat.
874 2571 1071 2613 Omnem
1105 2571 1300 2625 quietem
1339 2569 1582 2624 perturbat,
1616 2579 1670 2606 ne

149 2637 362 2678 Christus
378 2637 585 2677 ardenter
604 2637 821 2691 diligatur
842 2637 1042 2690 impedit,
1063 2645 1103 2677 et
1122 2650 1281 2678 omnes
1297 2643 1401 2676 ante
1419 2633 1672 2687 adquisitas

209 2727 236 2756 1.
267 2725 313 2766 (α)
339 2725 355 2738 “
372 2733 607 2766 assequamur,
626 2726 771 2766 peccata.
788 2724 880 2766 p.0.’'
