1881 2985
90 615 115 649 f.
136 617 178 648 84

202 225 269 262 218
468 225 581 262 THE
612 224 812 262 DESIRE
845 224 912 259 OF
945 224 980 257 A
1014 221 1256 260 PERFECT
1289 221 1472 259 LOVER

202 343 391 384 terrenis
420 342 655 383 inhereant
683 348 724 382 et
753 348 906 381 eterna
934 339 1208 380 transitoriis
1236 345 1541 392 postponant;
1567 345 1609 379 et
1633 337 1736 378 ideo

202 409 451 450 effunditur
486 422 624 462 super
661 422 738 449 eos
779 408 843 448 ira
885 407 984 454 Dei,
1025 406 1194 447 scilicet
1230 406 1347 446 iusta
1386 405 1589 446 uindicta
1629 417 1731 446 cum

202 490 375 531 magno
404 476 575 530 impetu
605 474 961 516 obuoluencium
992 473 1368 527 tormentorum]

262 543 393 584 Recti
416 556 613 596 namque
638 542 915 582 incessanter
935 540 994 581 ad
1019 540 1241 595 gaudium
1266 540 1460 581 uisionis
1484 539 1584 588 Dei,
1606 538 1733 580 omni

201 611 376 652 abiecta
403 610 716 657 simulacione,
747 609 894 657 corde,
926 621 1016 658 ore,
1048 614 1090 649 et
1120 621 1256 661 opere
1289 607 1545 648 intendunt.
1639 606 1736 647 Nec

200 678 259 719 ad
279 678 481 732 aliquam
505 677 753 718 uanitatem
779 675 1009 730 superflue
1033 675 1292 723 amandam,
1319 688 1374 715 ne
1396 673 1737 728 peregrinando

202 759 229 786 a
265 746 466 787 semistis
504 745 679 786 iusticie
717 744 1054 798 perturbentur,
1097 756 1144 783 se
1182 742 1386 783 flectunt.
1479 741 1571 796 Qui
1625 753 1737 794 ergo

202 813 379 868 placere
403 812 588 854 Christo
611 812 850 859 desiderat,
876 824 956 852 nec
980 824 1062 864 pro
1086 811 1210 851 bono
1232 823 1313 851 nec
1335 823 1419 864 pro
1438 809 1560 850 malo
1578 814 1735 850 contra

203 880 375 922 Christi
421 879 703 920 uoluntatem
753 878 972 933 quicquid
1015 891 1151 932 agere
1192 884 1439 932 presumat.
1535 874 1735 917 Multum

202 947 324 987 enim
348 954 414 987 est
438 946 653 987 horribile
674 946 732 986 ad
756 946 910 1000 ignem
933 945 1152 986 Gehenne
1175 944 1461 992 descendere,
1485 944 1564 986 sed
1586 943 1737 998 magis

203 1013 469 1055 detestabile
501 1020 567 1054 est
604 1012 719 1054 uelle
757 1013 802 1053 in
841 1020 1025 1067 peccato
1062 1011 1287 1061 delectari,
1325 1025 1409 1065 pro
1445 1025 1538 1066 quo
1573 1010 1737 1065 poterit

204 1080 418 1122 Christus
450 1080 548 1121 sine
577 1080 666 1120 fine
691 1080 853 1120 amitti.
949 1079 1119 1120 Anima
1152 1079 1363 1134 equidem
1397 1092 1423 1118 a
1456 1086 1737 1119 terrenorum

205 1147 336 1189 uiciis
378 1155 599 1201 separata,
644 1154 687 1188 et
729 1161 756 1188 a
798 1147 948 1188 carnis
993 1160 1226 1187 uenenosa
1268 1146 1493 1188 suauitate
1528 1146 1737 1191 alienata,

205 1215 449 1257 celestibus
474 1215 712 1256 desideriis
729 1215 882 1256 dedita
907 1214 1049 1254 immo
1074 1220 1116 1254 et
1142 1220 1283 1266 rapta,
1314 1212 1511 1253 mirabili
1536 1212 1739 1253 iocundi-

204 1291 294 1326 tate
312 1284 566 1338 perfruens‚
589 1283 696 1337 quia
715 1283 804 1322 iam
820 1282 1162 1337 quodammodo
1183 1280 1355 1322 amoris
1371 1280 1523 1322 dilecti
1544 1280 1738 1322 leticiam

204 1354 355 1404 sentit,
390 1360 438 1393 ut
468 1352 690 1406 limpidus
715 1351 1048 1405 contempletur
1077 1357 1119 1391 et
1150 1349 1465 1391 delectabilius
1494 1349 1737 1399 efficiatur;

206 1421 348 1462 eciam
385 1420 430 1460 in
467 1419 552 1460 hoc
581 1419 780 1473 presenti
816 1432 867 1460 os
898 1418 1058 1471 sponsi
1092 1417 1421 1459 suauissimum
1456 1424 1497 1457 et
1531 1416 1739 1458 osculum

205 1487 305 1529 eius
327 1487 645 1528 dulcissimum
669 1486 886 1539 exposcit,
904 1486 1110 1527 clamans
1130 1501 1140 1526 :
1179 1483 1210 1501 “¹
1229 1484 1400 1526 Omnia
1426 1492 1603 1525 terrena
1627 1482 1740 1523 mihi

207 1555 394 1596 fastidio
420 1561 557 1595 sunt:
596 1567 796 1594 amorem
826 1553 977 1594 dilecti
1004 1553 1173 1603 sencio,
1204 1559 1364 1606 potum
1394 1552 1506 1592 mire
1534 1550 1740 1592 consola-

207 1622 355 1663 cionis
380 1628 529 1676 gusto,
557 1628 599 1662 et
622 1621 807 1662 assidue
836 1621 982 1674 ipsam
1007 1620 1295 1661 dulcedinem
1326 1619 1587 1669 inardesco;
1617 1625 1659 1659 et
1688 1631 1742 1658 ne

206 1705 233 1731 a
260 1704 331 1731 me
359 1691 572 1744 elongata
594 1702 673 1744 pre
698 1689 839 1729 nimia
865 1688 1169 1742 temptacione
1210 1687 1434 1728 deficiam.
1500 1686 1646 1726 Amor
1670 1697 1742 1725 me

202 1759 309 1800 facit
338 1758 574 1809 audacem,
613 1759 763 1811 ipsum
799 1770 934 1811 quem
970 1756 1118 1810 diligo
1152 1756 1379 1805 inuocare,
1418 1754 1495 1808 qui
1533 1767 1603 1794 me
1635 1764 1742 1793 con-

208 1828 423 1870 fortando
447 1835 489 1869 et
521 1826 785 1881 implendo]
819 1825 1065 1867 osculetur2
1097 1824 1250 1866 osculo
1284 1823 1373 1864 oris
1403 1820 1492 1863 sui.
1556 1820 1744 1875 Quanto

209 1896 331 1937 enim
359 1895 510 1950 magis
535 1908 561 1935 a
585 1894 777 1935 terrenis
797 1892 1164 1947 cogitacionibus
1190 1891 1357 1941 eleuor,
1389 1896 1517 1930 tanto
1542 1887 1745 1942 amplius

210 1963 452 2017 concupita
481 1962 722 2004 dulcedine
751 1961 889 2008 fruor,
917 1968 959 2001 et
988 1973 1081 2014 quo
1106 1959 1211 2014 plus
1235 1959 1569 2013 extinguuntur
1594 1955 1744 1998 carnis

203 2031 442 2081 desideria,
493 2029 701 2071 ueracius
743 2027 1083 2069 succenduntur
1130 2033 1299 2067 eterna.
1392 2023 1636 2065 Osculetur
1675 2036 1746 2065 me

211 2101 397 2142 dulcore
419 2099 686 2140 dileccionis
711 2111 792 2139 sue
820 2096 1076 2144 reficiendo,
1104 2095 1264 2136 osculo
1282 2094 1375 2135 oris
1398 2093 1469 2135 sui
1497 2106 1568 2133 me
1594 2091 1745 2133 stricte

211 2167 546 2222 amplectando,
580 2173 628 2207 ut
658 2179 750 2206 non
785 2164 1009 2216 defluam;
1046 2170 1088 2203 et
1122 2162 1324 2217 graciam
1361 2159 1661 2207 infundendo,
1697 2164 1746 2198 ut

214 2236 380 2291 iugiter
407 2235 453 2275 in
478 2247 633 2275 amore
658 2232 910 2274 crescam.”
976 2230 1104 2272 Sicut
1131 2230 1243 2270 lacte
1269 2228 1461 2270 uberum
1484 2227 1747 2268 nutriuntur

206 2310 248 2344 et
264 2308 578 2344 sustentantur
596 2300 813 2340 infantes3
834 2314 844 2339 ε
872 2299 932 2339 ita
951 2298 1088 2338 electe
1107 2297 1259 2337 anime
1276 2295 1485 2336 ardenter
1508 2294 1553 2334 in
1573 2305 1742 2343 amore,

213 2370 425 2424 sup-ernis
472 2369 649 2411 deliciis
695 2374 961 2422 pascuntur,
1007 2365 1175 2420 quibus
1217 2364 1275 2406 ad
1323 2364 1548 2404 uisionem
1595 2368 1746 2402 eterne

212 2437 431 2480 claritatis
452 2437 774 2491 perducentur.

274 2505 516 2546 Dulciores
534 2511 653 2545 certe
675 2510 782 2545 sunt
803 2502 962 2543 delicie
983 2501 1154 2541 amoris
1175 2500 1347 2541 Christi
1368 2498 1584 2540 omnibus
1602 2496 1746 2538 delec-

214 2573 473 2614 tacionibus
534 2571 693 2612 mundi
755 2578 797 2611 et
857 2569 1052 2611 carnalis
1112 2568 1314 2621 saporis;
1379 2567 1533 2617 immo,
1596 2563 1746 2606 omnis

216 2640 495 2695 imaginacio
549 2638 800 2680 carnalium
854 2638 1158 2690 uoluptatum,
1219 2633 1370 2675 omnis
1426 2629 1747 2673 habundancia

216 2715 496 2749 terrenarum
533 2706 892 2760 possessionum,
925 2705 970 2744 in
1005 2702 1352 2757 comparacione
1381 2700 1568 2741 minime
1598 2696 1746 2738 dulce-

275 2810 302 2840 1.
333 2808 383 2849 (k)
412 2805 725 2847 “amplectanda”
772 2807 801 2836 2.
830 2804 937 2837 Short,
954 2805 1054 2835 texts
1072 2800 1334 2834 “consoletur.”
1381 2802 1410 2832 3.
1437 2800 1485 2841 (9)
1511 2798 1561 2841 (h)
1586 2794 1749 2839 “pueri''
