1881 2985
699 210 791 245 HIS
832 208 1102 245 HUMILITY
1601 219 1666 253 217

142 327 375 375 honorem,
409 327 489 368 tibi
525 326 717 382 gloriam
753 326 998 381 querimus,
1033 325 1224 366 letamur
1251 325 1296 365 in
1330 325 1422 367 tuis
1454 325 1662 381 gaudiis3

142 393 366 435 derelictis
404 393 578 434 deliciis
615 407 668 434 ac
701 393 881 434 diuiciis
920 392 1184 445 temporalis
1220 391 1450 442 uanitatis,
1495 404 1582 445 que
1618 390 1662 429 in

142 466 318 500 tantum
358 467 583 501 amatores
623 473 732 501 suos
771 459 1010 508 inebriant,
1058 458 1181 512 quod
1225 458 1366 498 eciam
1411 457 1530 498 mala
1575 470 1662 510 que

142 527 385 581 paciuntur
416 540 507 567 non
538 533 804 581 agnoscant.
897 525 952 566 Et
985 525 1085 566 licet
1115 524 1275 565 faciem
1308 532 1431 565 tuam
1459 523 1664 564 nondum

142 593 295 634 uidere
326 607 585 646 possumus,
614 602 764 634 tamen
796 593 855 633 ita
880 593 1088 633 ardenter
1117 591 1442 638 desideramus,
1473 590 1595 645 quod
1625 590 1663 632 si

142 660 188 700 in
224 667 427 700 eternum
462 660 734 709 uiueremus‚
768 659 967 699 alienum
998 671 1198 699 amorem
1235 671 1325 698 non
1359 670 1663 712 quereremus.

143 725 264 781 Quia
295 734 467 781 quanto
496 726 675 768 diucius
706 726 920 773 uiuimus,
952 732 1080 765 tanto
1102 724 1344 765 ardencius
1367 731 1409 764 te
1439 722 1664 775 cupimus,

142 801 184 834 et
212 794 358 834 maius
384 793 605 848 gaudium
635 793 679 833 in
704 800 781 834 tuo
807 805 959 833 amore
984 792 1230 843 sentimus3
1260 789 1515 843 anxiusque
1539 788 1597 828 ad
1624 795 1666 827 te

143 860 440 913 suspiramus,
472 860 580 914 quia
609 860 774 914 iugiter
803 859 1063 900 amantibus
1088 866 1130 899 te
1158 858 1321 898 nociua
1345 861 1593 903 transeunt,
1623 861 1666 895 et

142 939 360 980 prospera
400 939 452 967 ac
492 926 580 967 leta
622 926 665 966 in
706 925 1022 979 spiritualibus
1060 924 1322 966 succedunt.
1425 922 1507 964 Illa
1544 921 1665 962 enim

141 993 295 1034 anima
329 1001 385 1043 te,
426 993 468 1035 O
500 994 617 1035 bone
656 993 807 1042 Ihesu,
847 1006 950 1033 uere
986 991 1149 1046 diligit,
1183 1004 1270 1046 que
1299 990 1439 1032 cicius
1475 996 1665 1030 mortem

143 1059 404 1101 horribilem
440 1060 664 1100 incurrere
697 1059 894 1113 eligeret,
929 1071 1065 1113 quam
1094 1058 1229 1099 alicui
1260 1064 1443 1111 peccato
1478 1068 1666 1098 consen-

142 1127 255 1176 tiret,
283 1140 364 1168 nec
390 1140 494 1167 uere
521 1134 562 1166 et
589 1126 783 1180 perfecte
811 1126 914 1180 quis
941 1125 1175 1166 Christum
1197 1124 1362 1178 diligit,
1387 1123 1464 1178 qui
1491 1122 1666 1176 aliquid

142 1201 290 1247 preter
318 1193 468 1246 ipsum
501 1194 792 1247 pertimescit.
857 1191 973 1233 Cum
1003 1191 1299 1245 diligentibus
1331 1192 1483 1232 Deum
1514 1188 1667 1230 omnia

143 1265 444 1314 cooperantur
495 1260 543 1301 in
597 1260 805 1302 bonum}
889 1259 1122 1300 Perfectus
1173 1258 1293 1299 enim
1345 1271 1473 1298 amor
1525 1254 1667 1297 uincit

142 1341 322 1382 penam.
389 1327 547 1368 Uincit
583 1327 743 1373 minas,
776 1327 881 1380 quia
912 1339 1001 1366 non
1038 1326 1173 1366 sentit
1209 1326 1415 1365 timorem
1453 1330 1666 1370 creature,

140 1408 324 1436 ornnem
378 1394 625 1435 elacionem
678 1393 874 1446 expellit,
928 1393 1158 1433 humiliter
1208 1391 1479 1445 cuicumque
1529 1389 1663 1432 cedit.

144 1460 281 1502 Unde
299 1462 413 1502 bene
435 1461 598 1501 dicitur
618 1475 627 1500 :
658 1460 790 1501 Recti
813 1459 1010 1513 diligunt
1032 1459 1111 1500 te.2
1174 1458 1305 1499 Recti
1325 1466 1430 1500 sunt
1452 1456 1663 1507 humiles,

142 1541 246 1569 uere
276 1528 521 1582 diligentes
555 1527 667 1567 nihil
703 1527 1004 1581 negligentes,
1043 1526 1120 1580 qui
1155 1526 1255 1566 licet
1283 1525 1327 1564 in
1357 1538 1536 1566 summa
1569 1537 1666 1578 per-

142 1594 342 1635 feccione
376 1595 583 1643 existant,
618 1594 872 1634 humillime
905 1601 1055 1633 tamen
1091 1606 1138 1634 se
1174 1600 1338 1647 gerunt
1372 1599 1413 1632 et
1443 1598 1592 1632 mente
1624 1598 1667 1631 et

140 1667 257 1702 actu.
324 1661 415 1715 [Ut
438 1661 539 1716 quis
561 1674 697 1701 uerus
718 1668 893 1701 amator
912 1661 981 1707 sit,
1005 1660 1124 1701 dicat
1145 1659 1261 1699 intra
1278 1673 1325 1700 se
1345 1673 1355 1698 ε

196 1728 421 1770 “Omnes
467 1742 536 1769 me
580 1728 804 1769 excellunt
856 1727 899 1766 in
946 1734 1206 1780 contemptu
1260 1726 1419 1767 mundi
1472 1733 1513 1767 et
1560 1724 1667 1765 odio

142 1797 325 1852 peccati,
361 1797 405 1836 in
438 1797 664 1838 desiderio
693 1797 869 1838 celestis
900 1796 1043 1850 regni,
1077 1796 1121 1836 in
1155 1795 1395 1836 dulcedine
1421 1802 1462 1834 et
1490 1792 1667 1832 feruore

141 1865 309 1905 amoris
336 1864 520 1911 Christi,
545 1865 589 1904 in
618 1864 798 1905 caritate
823 1862 1035 1917 proximi.
1100 1862 1193 1902 Alii
1220 1861 1381 1902 florent
1407 1859 1665 1905 uirtutibus,

140 1931 217 1972 alii
255 1931 433 1985 fulgent
471 1931 715 1981 miraculis,
756 1931 831 1970 alii
869 1931 991 1971 dono
1027 1943 1223 1983 superne
1261 1924 1666 1980 contemplacionis

141 1998 461 2049 sublimantur,
486 1999 562 2038 alii
589 2005 742 2039 sancte
768 1997 988 2050 scripture
1015 2004 1183 2038 secreta
1210 2002 1482 2037 scrutantur.
1547 1992 1665 2034 Cum

142 2072 369 2105 tantorum
395 2065 584 2119 dignam
612 2065 752 2105 uitam
776 2065 1016 2105 considero
1038 2064 1163 2117 apud
1190 2063 1508 2115 memetipsum
1536 2060 1666 2115 quasi

143 2131 187 2172 in
214 2131 433 2172 nichilum
460 2132 677 2182 redactus,
703 2132 817 2171 inter
838 2144 999 2172 omnes
1022 2130 1206 2171 infimus
1225 2129 1527 2172 succumbo.”

201 2197 332 2238 Recti
367 2211 479 2251 ergo
512 2205 618 2238 sunt
654 2198 731 2252 qui
767 2198 955 2238 terrenis
992 2197 1165 2237 fortiter
1200 2196 1385 2250 fugiunt
1418 2194 1661 2245 incuruari‚

142 2264 254 2306 solis
275 2265 440 2305 eternis
465 2265 649 2319 gaudiis
674 2265 913 2312 inhiantes,
939 2265 996 2305 ab
1020 2264 1145 2305 omni
1172 2263 1490 2316 temporalium
1518 2274 1664 2302 rerum

143 2331 346 2385 appetitu
384 2330 611 2380 deficiunt,
648 2338 689 2371 et
726 2331 867 2372 eciam
900 2331 1110 2371 diuinum
1155 2342 1355 2371 amorem
1408 2327 1665 2370 uehementi

143 2398 368 2438 desiderio
400 2397 601 2451 fugiunt.
667 2397 723 2437 Et
754 2399 912 2438 merito
943 2398 1156 2438 dicuntur
1188 2397 1337 2438 Deum
1369 2397 1559 2450 diligere
1587 2396 1665 2450 qui

144 2472 262 2505 recta
283 2465 358 2505 uia
379 2474 420 2505 et
441 2465 579 2518 plana
597 2465 779 2505 caritate
802 2464 980 2518 fulgida
1002 2464 1272 2511 incedentes,
1297 2463 1409 2504 nihil
1431 2471 1497 2504 est
1519 2470 1666 2516 preter

144 2532 379 2574 Christum
408 2532 530 2586 quod
558 2533 742 2585 sapiunt
776 2533 847 2572 uel
882 2538 1092 2586 querunt.
1187 2530 1393 2585 Quarum
1427 2529 1667 2570 contrariis

136 2613 216 2654 per
275 2599 558 2654 psalmistam
613 2599 806 2640 dicitur:
858 2598 1171 2640 obscurentur
1224 2596 1342 2637 oculi
1396 2609 1551 2636 eorum
1608 2607 1663 2635 ize

143 2667 328 2709 uideant
376 2673 417 2709 et
465 2668 650 2708 dorsum
704 2680 859 2708 eorum
910 2671 1088 2718 semper
1139 2662 1363 2712 imnum?
1402 2662 1583 2709 scilicet,
1616 2666 1664 2701 ut

201 2759 227 2788 1.
255 2756 401 2790 Roman.
437 2757 468 2796 8,
490 2757 540 2786 28.
627 2757 656 2786 2.
685 2755 803 2794 Cant„
828 2757 856 2795 1,
875 2756 903 2785 3.
989 2755 1017 2785 3.
1046 2753 1175 2787 Psalm.
1203 2755 1255 2794 68,
1277 2754 1327 2784 24.
