1881 2985
210 178 277 212 204
602 175 821 212 PRAYER
856 177 971 212 AND
1007 180 1353 218 MEDITATION

212 286 319 340 quia
356 288 513 330 dilexit
551 292 741 333 uerbum
779 301 908 335 tuum
949 294 1178 337 Domine:
1223 298 1406 349 scilicet,
1440 303 1662 355 meditari,
1700 312 1742 346 et

210 356 463 398 secundum
495 358 607 400 illud
643 361 835 412 operari.
901 360 1114 415 Quesiuit
1147 371 1190 405 te
1223 366 1384 419 pocius
1418 381 1555 422 quam
1590 378 1668 411 tua
1699 377 1741 412 et

209 423 382 476 accepit
402 437 428 464 a
448 432 490 465 te
506 433 548 466 et
570 434 612 466 te
635 436 675 467 et
696 435 789 468 tua.
853 428 946 469 Alii
970 428 1252 472 famulantur
1269 432 1350 473 tibi
1375 442 1422 475 ut
1445 435 1642 477 habeant
1663 444 1740 478 tua

99 489 124 523 f.
144 492 186 524 36
211 496 253 529 et
282 503 444 544 parum
476 500 636 533 curant
667 494 722 534 de
749 501 815 544 te;
849 494 1033 550 fingunt
1064 509 1173 538 uero
1199 511 1247 539 se
1273 499 1388 541 uelle
1418 499 1571 543 subire
1602 503 1741 544 serui-

210 557 329 598 cium
354 566 483 600 tuum
509 568 557 600 ut
579 560 825 615 adquirant
847 562 1008 604 mundi
1033 563 1267 615 honorem,
1291 573 1333 606 et
1354 575 1606 619 appareant
1627 568 1742 608 inter
1789 609 1793 614 ,

210 623 420 667 homines
441 627 630 681 gloriosi
651 643 661 668 τ
693 629 772 669 sed
795 629 905 670 dum
928 631 1132 685 gaudent
1157 632 1389 675 inuenisse
1413 647 1571 687 pauca,
1598 634 1742 676 multa

207 692 404 744 perdunt
425 708 435 733 :
468 694 574 748 quia
599 702 640 736 te
663 703 705 736 et
729 704 818 744 tua,
844 705 886 737 et
905 710 953 738 se
977 706 1019 739 et
1044 712 1142 740 sua.

266 759 379 801 Item
426 774 555 802 orare
604 762 823 805 debemus
872 772 919 805 ut
969 765 1085 806 salui
1130 767 1288 809 simus.
1384 767 1509 811 Hinc
1544 767 1739 809 Iacobus

206 826 412 868 hortatur
431 828 589 871 dicens
608 845 617 870 :
654 830 789 873 Orate
811 838 892 886 pro
916 832 1115 875 inuicem
1135 840 1185 876 ut
1209 835 1490 877 salueminist

266 894 377 936 Item
414 909 468 937 ne
499 897 784 952 pigritemur,
817 906 859 940 et
891 907 939 940 ut
971 901 1016 941 in
1049 901 1174 942 bono
1202 902 1418 943 continue
1447 915 1735 956 occupemur.

206 961 345 1003 Unde
371 963 535 1004 dicitur
559 962 748 1017 uigilata
776 971 816 1008 et
843 972 964 1008 orate
991 981 1046 1008 ne
1073 968 1249 1010 intretis
1272 968 1322 1010 in
1346 969 1737 1023 temptacionem.2

204 1027 397 1083 Semper
415 1031 535 1071 enim
558 1032 780 1074 debemus
796 1042 874 1074 aut
893 1047 1020 1075 orare
1039 1042 1117 1075 aut
1137 1034 1287 1089 legere
1305 1044 1384 1077 aut
1405 1036 1612 1078 meditari
1631 1050 1735 1078 cum

202 1096 307 1138 aliis
350 1097 540 1139 utilibus
583 1099 775 1149 actibus,
818 1109 867 1141 ut
909 1101 1125 1144 inimicus
1169 1110 1322 1144 noster
1367 1116 1605 1158 nunquam
1652 1116 1736 1144 nos

196 1163 402 1206 inueniat
430 1166 700 1207 accidiosos.
760 1168 853 1210 Sed
881 1169 1209 1211 attendendum
1243 1178 1309 1212 est
1339 1184 1444 1212 cum
1477 1171 1604 1212 omni
1632 1170 1734 1212 dili-

202 1234 364 1288 gencia
385 1242 433 1275 ut
454 1235 703 1290 uigilemus
723 1236 768 1275 in
787 1236 1096 1288 oracionibus,
1122 1237 1293 1278 scilicet
1313 1237 1539 1286 manibus,
1562 1235 1734 1290 cogita-

200 1300 426 1352 cionibus‚
457 1315 548 1343 non
575 1303 840 1356 sopiamur:
873 1318 960 1359 que
983 1304 1244 1346 distrahunt
1270 1312 1468 1346 mentem
1493 1313 1536 1346 et
1560 1303 1734 1344 faciunt

199 1368 411 1410 obliuisci
454 1383 547 1424 quo
582 1370 808 1419 tendebat,
851 1379 892 1411 et
925 1372 1118 1413 omnino
1159 1372 1428 1426 impediunt,
1470 1372 1508 1413 si
1544 1378 1734 1426 presunt

198 1433 408 1475 effectum
431 1449 645 1490 superare
664 1438 944 1487 deuocionis,
965 1452 1102 1493 quam
1126 1452 1254 1481 mens
1274 1439 1449 1481 orantis
1470 1439 1732 1492 perciperet,

197 1502 236 1543 si
260 1516 362 1544 cum
388 1503 637 1558 uigilancia
658 1512 699 1545 et
721 1505 1011 1546 solicitudine
1033 1513 1171 1560 atque
1193 1505 1356 1547 affectu
1379 1506 1570 1559 oraret]

861 1677 974 1719 CAP.
1000 1691 1067 1719 21.

197 1765 354 1821 (Quod
388 1767 482 1807 uita
521 1768 877 1821 contemplatiua
915 1768 1101 1823 dignior
1138 1776 1179 1809 et
1217 1770 1367 1824 magis
1398 1771 1628 1813 meritoria
1661 1778 1728 1813 est

312 1847 449 1889 quam
491 1835 654 1884 actiua,
700 1843 741 1876 et
787 1835 843 1877 de
882 1836 1099 1891 utrisque,
1146 1844 1188 1879 et
1231 1837 1287 1879 de
1332 1839 1648 1893 predicacione
1686 1846 1729 1880 et

309 1901 551 1955 prelaciis.)

82 1976 108 2010 f.
128 1977 171 2009 80
247 1973 497 2016 Dubitatur
556 1983 707 2016 autem
763 1989 790 2016 a
841 1976 1117 2031 quibusdam
1173 1990 1261 2031 que
1317 1977 1412 2019 uita
1464 1978 1523 2019 sit
1577 1977 1729 2033 magis

194 2044 424 2085 meritoria
452 2052 494 2085 et
524 2045 733 2093 nobilior,
762 2046 937 2095 scilicit,
963 2046 1320 2100 contemplatiua
1348 2046 1443 2087 uita
1470 2059 1529 2086 an
1557 2045 1723 2087 actiua.

194 2110 444 2153 Nonnullis
477 2112 659 2152 uidetur
684 2113 807 2167 quod
833 2113 984 2153 actiua
1013 2113 1070 2154 sit
1100 2113 1252 2168 magis
1282 2113 1510 2154 meritoria
1540 2119 1726 2168 propter

193 2177 325 2231 plura
348 2191 487 2232 opera
516 2186 557 2219 et
590 2180 953 2233 predicacionem
983 2194 1071 2235 que
1102 2187 1292 2221 exercet.
1355 2180 1448 2222 Sed
1479 2181 1544 2222 hii
1575 2186 1726 2222 errant

192 2245 457 2294 nescientes,
479 2245 586 2300 quia
605 2246 818 2288 uirtutem
836 2247 1190 2301 contemplatiue
1210 2247 1301 2289 uite
1322 2248 1552 2302 ignorant.
1574 2272 1576 2274 v
1605 2248 1725 2290 Sunt
1771 2283 1773 2285 .

184 2319 336 2352 tamen
369 2312 499 2354 multi
527 2314 664 2354 actiui
691 2314 900 2355 meliores
927 2313 1159 2369 aliquibus
1186 2315 1569 2368 contemplatiuis.
1631 2314 1724 2358 Sed

189 2382 352 2435 optimi
410 2382 753 2436 contemplatiui
815 2384 1071 2437 superiores
1129 2391 1237 2425 sunt
1296 2383 1484 2437 optimis
1541 2382 1719 2424 actiuis.

192 2448 403 2490 Dicimus
432 2462 544 2504 ergo
577 2450 699 2504 quod
730 2451 824 2491 uita
847 2450 1205 2504 contemplatiua
1237 2450 1504 2505 simpliciter
1535 2448 1723 2492 suauior

190 2523 269 2564 est,
306 2516 502 2558 nobilior
531 2524 573 2557 et
606 2517 806 2571 dignior,
845 2525 887 2558 et
916 2518 1068 2572 magis
1114 2518 1342 2559 meritoria
1390 2525 1613 2572 quantum
1662 2517 1720 2558 ad

189 2583 415 2636 premium
451 2584 709 2632 essenciale,
746 2585 869 2639 quod
903 2592 970 2627 est
1003 2585 1226 2639 gaudium
1263 2586 1318 2627 de
1348 2587 1473 2628 bono
1506 2586 1718 2627 increato.

191 2647 313 2703 Quia
337 2650 578 2692 ardencius
602 2651 754 2706 diligit
784 2651 949 2701 Deum,
977 2660 1018 2693 et
1047 2653 1192 2693 maior
1219 2653 1372 2708 gracia
1402 2653 1656 2708 requiritur,
1681 2652 1719 2694 si

246 2739 276 2770 l.
301 2737 375 2770 Iac.
404 2740 436 2779 5,
458 2740 506 2770 16.
594 2741 622 2771 2.
651 2741 756 2774 Mate.
794 2743 846 2782 26,
868 2744 918 2773 41.
