1881 2985
82 1799 105 1833 f.
123 1802 162 1832 41

193 185 258 211 222
555 178 667 216 THE
705 180 900 215 PROFIT
941 181 1009 216 OF
1050 182 1363 220 ADVERSITY

194 293 350 347 inopia
403 294 689 350 languentes,
747 297 933 339 dorsum
985 297 1281 353 flagellatum,
1340 301 1513 343 nudum
1566 308 1723 356 pectus

193 368 490 412 cruentatum,
536 364 818 405 uenerabiles
866 379 1032 406 manus
1079 366 1343 420 perforatas,
1391 369 1510 410 latus
1557 369 1723 411 dulcis-

192 428 359 470 simum
412 429 567 471 lancea
623 432 890 479 sauciatum,
948 432 1088 485 pedes
1140 434 1391 483 confossos,
1447 449 1528 489 per
1581 443 1721 477 totam

192 502 392 537 teneram
415 511 595 539 carnem
622 498 760 538 infixa
784 499 988 550 uulnera,
1015 500 1132 541 sicut
1154 501 1374 554 scriptum
1400 509 1478 550 est,
1504 508 1545 544 et
1567 503 1723 558 planta

194 563 322 617 pedis
364 577 509 618 usque
551 565 609 606 ad
645 564 857 606 uerticem
904 565 1064 620 capitis
1105 581 1199 608 non
1236 574 1301 621 est
1337 568 1386 610 in
1423 584 1472 611 eo
1515 570 1726 612 sanitas}

194 629 481 685 Egredimini
513 645 622 686 ergo
652 633 709 673 ab
737 632 951 674 illicebris
979 641 1021 674 et
1053 636 1442 688 concupiscenciis
1473 639 1648 687 uestris,
1680 645 1723 679 et

193 697 342 738 uidete
402 698 511 752 quid
571 712 656 752 pro
715 700 850 741 uobis
900 701 1086 741 sustulit
1141 701 1370 754 Christus,
1434 711 1482 744 ut
1535 706 1720 758 penitus

190 764 411 805 eiciantur
435 765 615 813 scelera,
639 774 680 807 et
707 767 764 807 ad
792 767 1053 809 incendium
1080 770 1252 812 amoris
1276 771 1542 813 erudiantur
1566 773 1719 814 corda.

849 948 961 991 CAP.
987 950 1054 990 28.

190 1034 346 1089 (Quod
374 1049 511 1078 uerus
535 1050 697 1078 amans
722 1044 899 1078 terrena
920 1039 1125 1092 despicit,
1153 1047 1195 1081 et
1218 1041 1275 1081 ad
1301 1055 1500 1095 superna
1522 1042 1720 1091 anhelat,

360 1112 401 1145 et
427 1104 627 1146 elacione
653 1105 842 1146 uitanda
865 1113 907 1147 et
932 1106 1186 1148 humilitate
1209 1109 1564 1164 amplectenda.)

247 1187 445 1228 Attende
464 1188 600 1230 miser
617 1189 864 1231 homuncio
885 1191 1119 1245 quomodo
1136 1192 1180 1231 in
1202 1192 1506 1235 delectacione
1525 1193 1721 1236 carnalis

190 1256 438 1310 uoluptatis
470 1257 637 1297 dormit
662 1257 907 1298 crudelitas
941 1265 1130 1299 uenture
1162 1259 1529 1313 dampnacionis.
1624 1259 1721 1301 Illis

190 1336 302 1377 ergo
323 1324 526 1365 resistere
546 1324 697 1372 debes,
720 1325 797 1379 qui
818 1339 868 1366 ea
890 1340 976 1380 que
997 1325 1169 1367 Christi
1191 1335 1297 1368 sunt
1319 1327 1510 1380 cupiunt
1530 1327 1720 1376 auferre,

188 1390 372 1441 scilicet,
402 1391 607 1433 uirtutes.
674 1392 950 1447 Priusquam
977 1394 1098 1434 enim
1122 1408 1197 1435 cor
1221 1401 1349 1435 tuum
1371 1409 1525 1436 amore
1548 1395 1719 1437 Christi

187 1458 344 1498 ardere
384 1459 560 1512 poterit,
602 1459 930 1514 cuiuscumque
970 1462 1227 1502 transitorie
1260 1462 1476 1504 uanitatis
1514 1463 1719 1516 appetitu

189 1525 369 1565 carebit.
434 1524 554 1579 Quia
583 1540 712 1567 mens
741 1527 902 1580 spiritu
934 1527 1105 1569 Christi
1134 1529 1314 1580 ardens,
1346 1529 1444 1571 solo
1471 1529 1722 1571 eternitatis

189 1606 342 1633 amore
378 1593 591 1646 pascitur,
625 1608 712 1648 que
747 1595 888 1636 eciam
921 1595 965 1635 in
999 1609 1165 1636 canoro
1199 1596 1399 1637 carmine
1431 1597 1716 1638 iocundatur.

190 1659 239 1701 Si
270 1660 391 1701 enim
423 1661 511 1701 iam
539 1661 698 1702 dulcor
720 1662 860 1703 eterni
889 1663 1058 1704 amoris
1088 1663 1132 1702 in
1160 1664 1314 1703 anima
1343 1671 1419 1704 tua
1447 1670 1718 1717 perseuerat,

189 1728 286 1768 sine
322 1728 463 1768 dubio
499 1728 649 1769 omnis
686 1729 882 1770 carnalis
913 1730 1119 1784 nequicie
1156 1730 1391 1771 lasciuiam
1429 1730 1643 1782 destruit;
1676 1737 1719 1771 et

189 1802 229 1835 te
260 1795 305 1834 in
340 1794 525 1836 Christo
556 1796 785 1838 delectans
821 1797 934 1836 nihil
969 1804 1116 1850 preter
1150 1797 1385 1838 Christum
1419 1798 1586 1839 sentire
1618 1811 1718 1852 per-

190 1862 349 1912 mittit;
391 1863 498 1917 quia
531 1877 677 1918 neque
714 1871 759 1904 tu
800 1866 857 1906 ab
899 1864 975 1905 illo
1009 1864 1194 1914 corruis,
1236 1878 1382 1919 neque
1414 1865 1540 1907 aliud
1580 1879 1717 1920 quam

189 1930 340 1983 ipsum
375 1930 506 1972 dulce
541 1931 699 1972 sentis.
764 1931 957 1972 Perfecti
988 1932 1214 1986 siquidem
1250 1946 1352 1973 cum
1387 1946 1414 1973 a
1448 1933 1720 1986 corporibus

188 1998 309 2038 exuti
339 1997 519 2046 fuerint,
547 1999 699 2040 statim
727 2013 877 2040 coram
908 1999 1007 2040 Deo
1032 2006 1363 2054 presentantur,
1392 2007 1433 2041 et
1458 2001 1503 2040 in
1531 2000 1720 2042 sedibus

189 2065 316 2106 beate
340 2066 491 2119 requie
514 2065 736 2112 collocati,
754 2066 971 2121 quoniam
994 2066 1229 2108 Christum
1252 2080 1349 2108 esse
1372 2067 1520 2107 Deum
1542 2065 1714 2118 uident,

188 2142 229 2176 et
264 2135 469 2188 uacant]
529 2135 621 2190 Qui
655 2136 776 2176 enim
812 2135 1047 2176 Christum
1084 2149 1188 2176 uere
1239 2135 1464 2188 incipiunt
1513 2134 1717 2189 diligere,

189 2210 346 2257 postea
378 2203 423 2243 in
460 2217 630 2257 magno
660 2204 829 2244 amoris
878 2203 1050 2257 gaudio
1095 2217 1148 2244 ac
1198 2202 1428 2244 mellifluis
1477 2201 1718 2243 ardoribus

187 2283 397 2311 amorosa
431 2271 605 2311 cantica
643 2270 846 2311 Domino
877 2270 1011 2311 Ihesu
1048 2284 1138 2311 non
1175 2271 1418 2311 cessabunt
1455 2282 1716 2325 personare.

192 2337 349 2390 Ipsum
369 2351 477 2378 uero
497 2337 609 2378 nihil
632 2345 858 2379 terrenum
879 2338 1081 2385 delectat,
1103 2339 1180 2392 qui
1202 2338 1438 2379 Christum
1459 2351 1563 2378 uere
1582 2344 1717 2384 amat,

188 2404 295 2458 quia
333 2417 412 2457 pre
447 2404 766 2459 magnitudine
803 2406 971 2447 amoris
1004 2419 1139 2446 omne
1177 2406 1487 2447 transitorium
1522 2405 1715 2447 uilescit.

189 2470 341 2512 Oculo
373 2471 526 2512 carnis
559 2472 814 2525 corporalia
848 2479 1106 2520 cernuntur,
1149 2473 1229 2515 sed
1280 2473 1442 2514 humili
1491 2473 1626 2514 corde
1675 2479 1716 2513 et

189 2538 364 2579 mundo
396 2538 584 2580 celescia
623 2539 726 2580 iusti
766 2539 1144 2593 contemplantur,
1183 2540 1259 2594 qui
1297 2541 1474 2582 celestis
1511 2541 1716 2594 specula-

187 2605 333 2647 cionis
352 2605 537 2647 flamma
556 2614 661 2647 sunt
684 2607 881 2648 accensi2
903 2616 943 2648 et
965 2622 991 2648 a
1012 2607 1212 2661 pondere
1236 2606 1459 2661 preteriti3
1479 2607 1649 2661 peccati
1671 2620 1718 2649 se

189 2672 377 2713 relaxari
404 2674 625 2723 senciunt‚
647 2682 687 2715 et
711 2689 736 2715 a
763 2675 997 2716 uoluntate
1024 2675 1184 2715 iterum
1211 2674 1429 2729 peccandi
1457 2675 1712 2728 quiescunt,

245 2759 272 2789 l·
293 2762 379 2795 Isai.
407 2764 433 2804 1,
459 2763 488 2795 6.
596 2763 627 2794 2.
668 2762 716 2803 (9)
742 2763 758 2775 “
776 2763 966 2794 succensi.'’
1049 2765 1081 2796 3.
1128 2764 1175 2805 (9)
1199 2763 1313 2795 omits.
