1881 2985
250 233 315 277 178
505 234 617 272 THE
651 235 921 272 SOLITARY
954 234 1099 270 MUST
1135 234 1283 269 SHUN
1318 234 1526 273 WOMEN

247 353 372 394 bono
400 366 501 393 meo
533 359 574 393 et
609 349 781 394 honore
814 366 901 394 suo
929 351 993 393 sic
1026 351 1270 405 castigauit
1304 364 1496 405 puerum
1530 368 1678 403 suum,
1714 355 1780 397 sic

247 420 404 461 terruit
432 433 616 461 seruum
649 433 797 468 suum,
835 426 883 461 ut
920 419 1052 460 dulce
1086 418 1315 460 uideretur
1351 418 1463 459 mihi
1496 419 1780 461 delectabilia

248 487 422 534 mundi,
454 500 541 541 que
573 500 718 540 pauca
747 501 800 528 ac
831 487 919 528 cito
948 486 1153 527 labencia
1184 493 1304 538 sunt,
1336 486 1525 542 fugere:
1562 487 1782 542 quatinus

247 554 429 607 penalia
469 554 634 595 inferni
675 567 763 608 que
804 554 946 595 multa
987 560 1094 594 sunt
1133 560 1175 594 et
1213 567 1451 608 nunquam
1493 552 1780 595 terminanda

247 634 440 661 mererer
467 621 650 662 euitare.
718 620 773 661 Et
804 634 982 662 rursum
1013 620 1090 674 qui
1120 621 1185 662 sic
1210 634 1281 661 me
1314 621 1468 662 docuit
1498 629 1540 662 et
1572 620 1780 662 docendo

248 688 460 730 uirtutem
506 688 704 736 tradidit,
751 696 798 730 ut
843 688 1033 729 libenter
1079 695 1334 741 presentem
1381 689 1685 742 penitenciam
1727 701 1779 728 ac

246 755 592 796 tribulacionem
622 754 840 806 tollerem,
871 754 1090 810 quatinus
1113 755 1171 795 ad
1196 763 1395 797 eternam
1425 755 1778 797 delectacionem

245 824 684 878 prosperitatemque
706 823 1020 878 plenissimam
1046 823 1204 864 leuiter
1227 824 1526 878 peruenirem.
1582 821 1716 878 Quia,
1740 822 1779 864 si

246 891 473 939 uolumus,
513 892 703 933 faciliter
739 899 780 932 et
816 892 914 933 sine
951 905 1121 946 magna
1156 892 1398 945 asperitate
1441 905 1689 946 possumus
1732 890 1777 930 in

245 958 329 1000 hac
356 959 448 1000 uita
475 958 670 1012 perfecte
698 959 899 1012 penitere
926 966 967 1000 et
995 972 1078 1000 nos
1107 973 1318 1014 purgare,
1346 959 1598 1000 dummodo
1622 958 1778 1000 omnia

246 1024 363 1066 uicia
390 1025 669 1067 destruimus
704 1032 926 1080 quantum
964 1026 1182 1068 ualemus.
1261 1026 1314 1066 In
1350 1026 1506 1068 futuro
1538 1034 1702 1074 autem,
1739 1026 1777 1067 si

245 1106 336 1133 non
362 1092 583 1134 fuerimus
604 1093 677 1134 hic
701 1094 899 1148 purgati,
922 1093 1210 1135 inueniemus
1235 1094 1358 1148 quod
1380 1093 1617 1147 apostolus
1640 1106 1779 1134 uerax

243 1168 309 1202 est
332 1161 487 1202 dicens
508 1176 517 1201 :
546 1161 596 1202 H
601 1161 845 1202 orrendum
868 1167 933 1203 est
953 1160 1151 1202 incidere
1172 1161 1221 1202 in
1240 1175 1404 1202 manus
1429 1161 1518 1203 Dei
1538 1159 1776 1202 uiuentis}

246 1226 444 1267 Domine
496 1227 623 1269 Deus
672 1228 882 1269 miserere
931 1229 1048 1270 mei:
1101 1228 1300 1270 infancia
1349 1242 1449 1269 mea
1493 1228 1632 1271 stulta
1678 1228 1776 1275 fuit,

244 1295 444 1348 puericia
470 1309 571 1336 mea
600 1309 731 1344 uana,
760 1296 1073 1338 adolescencia
1101 1310 1201 1337 mea
1234 1297 1496 1346 immunda3
1544 1297 1623 1338 sed
1656 1309 1777 1337 nunc

246 1363 445 1404 Domine
482 1363 617 1405 Ihesu
655 1363 989 1406 inflammatum
1025 1372 1091 1405 est
1124 1378 1202 1406 cor
1236 1378 1388 1406 meum
1419 1377 1573 1405 amore
1605 1369 1776 1409 sancto,

244 1436 286 1469 et
316 1443 443 1471 renes
466 1431 552 1471 mei
583 1432 846 1472 commutati
875 1439 994 1480 sunt,
1026 1439 1073 1473 ut
1099 1432 1240 1473 eciam
1271 1439 1459 1486 tangere
1488 1431 1600 1472 nolit
1625 1431 1778 1472 anima

245 1510 345 1538 mea
376 1510 460 1551 pro
489 1498 793 1539 amaritudine
825 1511 875 1539 ea
912 1512 999 1554 que
1032 1499 1160 1553 prius
1198 1513 1283 1554 pro
1316 1500 1557 1541 dulcedine
1594 1501 1778 1542 fuerunt

239 1563 330 1605 cibi
357 1564 469 1614 mei;
503 1572 545 1605 et
576 1564 845 1607 affecciones
872 1579 970 1606 mee
1000 1566 1114 1608 tales
1142 1566 1271 1618 fiunt,
1309 1568 1432 1622 quod
1465 1581 1555 1608 non
1582 1568 1658 1609 odi
1690 1566 1777 1607 nisi

244 1640 494 1686 peccatum,
522 1647 612 1674 non
640 1633 780 1675 timeo
804 1634 891 1675 nisi
917 1634 1146 1676 offendere
1175 1632 1339 1685 Deum,
1366 1650 1458 1677 non
1482 1632 1663 1692 gaudeo
1690 1635 1777 1676 nisi

245 1700 291 1740 in
319 1700 433 1741 Deo.
499 1700 604 1741 Non
628 1701 762 1742 doleo
790 1702 876 1742 nisi
905 1715 990 1755 pro
1017 1709 1215 1755 peccato,
1243 1716 1334 1743 non
1363 1716 1468 1744 amo
1496 1703 1583 1744 nisi
1612 1703 1776 1749 Deum,

245 1781 337 1808 non
379 1781 515 1822 spero
554 1769 641 1809 nisi
680 1769 820 1817 eum,2
857 1783 948 1810 non
991 1783 1062 1810 me
1100 1771 1335 1812 contristat
1378 1771 1465 1812 nisi
1504 1771 1653 1825 culpa,
1697 1784 1778 1812 nec

245 1835 434 1876 delectat
467 1836 554 1877 nisi
588 1835 813 1880 Christus,

142 1910 166 1945 f.
186 1911 224 1946 17
305 1902 633 1944 Uerumtamen
686 1903 953 1945 iamdudum
999 1918 1026 1944 a
1074 1904 1220 1945 tribus
1269 1904 1537 1946 mulieribus
1585 1904 1777 1959 dignam

246 1970 407 2010 merito
439 1970 837 2023 reprehensionem
870 1971 1037 2024 accepi.
1117 1970 1224 2012 Una
1261 1984 1333 2012 me
1377 1972 1655 2024 reprehendit
1681 1973 1783 2026 quia

245 2037 436 2090 cupiens
489 2038 716 2092 corrigere
774 2038 998 2079 insaniam
1054 2052 1208 2080 earum
1264 2039 1309 2079 in
1368 2039 1679 2092 superfluitate
1737 2047 1778 2080 et

247 2104 442 2145 mollicie
491 2105 704 2156 uestium,
756 2112 966 2147 ornatum
1015 2105 1193 2146 illarum
1246 2106 1594 2147 immoderatum
1643 2106 1778 2147 nimis

248 2172 451 2225 inspexi3
498 2186 585 2227 que
613 2173 726 2213 dixit
758 2173 881 2228 quod
913 2187 1003 2214 non
1032 2173 1169 2214 debui
1200 2187 1275 2215 eas
1300 2181 1392 2214 tam
1416 2173 1702 2215 considerare
1732 2179 1778 2214 ut

244 2239 405 2280 scirem
438 2247 589 2279 utrum
623 2248 771 2281 essent
799 2240 1021 2282 cornute3
1054 2240 1125 2280 uel
1161 2253 1267 2291 non,
1303 2248 1345 2281 et
1377 2247 1426 2281 ut
1458 2240 1569 2280 mihi
1600 2239 1780 2280 uidetur

248 2308 363 2349 bene
391 2321 461 2349 me
493 2308 736 2363 redarguit,
762 2316 802 2349 et
829 2308 1089 2349 erubescere
1121 2308 1239 2349 fecit.

308 2374 413 2414 Alia
440 2388 511 2415 me
539 2375 827 2428 reprehendit
853 2375 959 2430 quia
985 2375 1040 2416 de
1067 2375 1279 2417 mammis
1303 2375 1400 2416 eius
1427 2375 1601 2430 grossis
1627 2375 1780 2429 loque-

250 2443 332 2483 bar
356 2442 485 2497 quasi
512 2455 582 2482 me
605 2442 889 2491 delectarent,
914 2455 1000 2496 que
1024 2442 1086 2482 ait
1106 2457 1115 2482 :
1153 2442 1180 2458 “
1202 2441 1327 2496 Quid
1353 2442 1410 2483 ad
1434 2456 1504 2483 me
1524 2441 1717 2495 pertinet
1742 2440 1780 2482 si

250 2517 401 2551 essent
424 2523 564 2563 parue
592 2509 663 2551 uel
691 2523 858 2564 magne
875 2510 894 2550 P
911 2510 938 2526 ''
968 2517 1010 2550 et
1036 2509 1117 2550 hec
1144 2509 1351 2551 similiter
1378 2516 1492 2550 recte
1520 2509 1669 2549 locuta
1696 2513 1779 2547 est.

309 2576 469 2618 Tercia
496 2590 566 2617 me
589 2577 634 2616 in
661 2577 759 2618 ioco
785 2585 980 2631 tangens
1007 2575 1131 2630 quod
1159 2576 1366 2616 minabar
1391 2574 1521 2629 quasi
1547 2573 1657 2614 rude
1682 2584 1781 2613 earn

249 2651 437 2699 tangere
463 2643 666 2694 uellem‚4
696 2645 768 2684 uel
796 2644 939 2698 tetigi,
969 2643 1112 2684 dixit:
1156 2642 1399 2697 “Quiesce
1431 2639 1618 2690 frater,‘’
1652 2634 1782 2693 quasi

318 2767 345 2796 1.
373 2765 481 2805 Eeb„
512 2765 562 2804 10,
593 2765 643 2795 31.
738 2765 766 2795 2.
798 2764 844 2803 (α)
877 2762 944 2793 “in
972 2761 1084 2794 eum.'’
1153 2763 1181 2792 3.
1210 2760 1409 2799 “homed,”
1436 2760 1493 2792 i.e.
1524 2759 1564 2791 of
1590 2758 1654 2790 the
1680 2756 1785 2789 head-

254 2808 392 2840 dresses
410 2817 506 2839 worn
524 2810 560 2839 at
579 2807 641 2838 the
661 2807 753 2839 date.
804 2806 866 2838 See
882 2816 915 2847 p.
929 2807 981 2838 42.
1031 2808 1060 2838 4.
1089 2804 1146 2838 Sic
1162 2818 1171 2844 ;
1188 2804 1309 2837 mixed
1325 2802 1579 2837 construction.
