1881 2985
235 188 299 224 262
777 194 850 228 ΟΝ
892 194 1225 231 FRIENDSHIP

235 307 382 348 amico
403 321 487 348 suo
507 308 679 350 bonum
699 310 815 351 sicut
835 310 923 351 sibi
945 311 1046 364 ipsi,
1064 318 1105 351 et
1128 312 1254 354 nullo
1275 327 1422 356 errore
1443 323 1590 369 potest
1613 318 1763 370 rumpi

234 372 343 413 dum
370 374 549 416 uiuunt.

293 440 514 482 Amicicie
532 443 652 483 enim
672 443 727 484 de
748 443 868 484 facili
890 444 1208 486 dissoluuntur
1228 460 1330 488 cum
1354 461 1445 488 non
1468 448 1765 491 inueniuntur

236 507 280 547 in
309 508 458 549 amico
491 522 542 549 ea
578 517 762 563 propter
793 524 880 565 que
913 519 1106 563 amatur,
1146 513 1327 562 scilicet,
1378 528 1481 555 cum
1533 529 1624 556 non
1672 515 1764 557 sint

226 575 430 616 amicicie
459 576 592 617 utiles
623 583 665 617 et
693 577 996 629 delectabiles,
1034 593 1116 633 pro
1144 580 1312 634 quibus
1347 594 1468 623 nunc
1498 582 1633 623 amici
1663 582 1763 624 dili-

230 650 415 697 guntur,
434 650 476 684 et
495 645 599 686 talis
616 645 823 686 amicicia
841 645 943 687 ficta
964 654 1044 698 est,
1069 649 1191 701 quod
1209 649 1372 690 durare
1394 663 1484 690 non
1503 651 1763 705 potest,nisi

233 710 342 751 dum
373 719 608 764 permanet
632 713 960 755 delectabilitas
991 722 1033 755 et
1063 715 1248 757 utilitas.
1314 716 1406 759 Sed
1439 718 1551 759 illud
1584 719 1763 760 racione

232 778 363 819 cuius
384 786 450 819 est
475 793 580 820 uera
601 780 820 831 amicicia,
848 794 938 821 non
964 782 1232 824 dissoluitur
1254 784 1299 823 in
1322 785 1482 827 amicis
1506 786 1616 826 dum
1641 792 1762 835 sunt,

232 859 342 900 ergo
364 860 444 887 nec
465 860 571 887 uera
589 848 795 889 amicicia
814 849 1083 890 dissoluitur
1100 851 1210 891 dum
1231 859 1351 900 sunt,
1373 853 1452 894 sed
1473 867 1566 895 uno
1587 861 1763 895 errante

226 921 374 967 potest
391 913 543 955 adhuc
562 922 806 970 utrumque
827 916 981 957 uiuere
997 932 1005 967 ;
1021 931 1131 973 ergo
1152 932 1247 960 uno
1263 920 1611 967 errante,adhuc
1630 921 1763 962 durat

229 980 436 1021 amicicia
482 980 520 1022 si
572 995 775 1036 unquam
814 983 947 1023 fuerit
984 997 1114 1035 uera3
1150 986 1257 1040 quia
1292 995 1448 1027 amant
1479 1001 1526 1028 se
1564 988 1761 1029 inuicem

230 1048 482 1088 secundum
505 1049 697 1101 seipsos,
724 1050 907 1098 scilicet,
931 1051 1184 1092 secundum
1211 1053 1333 1107 quod
1360 1054 1469 1095 boni
1494 1061 1615 1103 sunt,
1638 1055 1762 1109 quod

229 1124 407 1171 oportet
444 1117 639 1172 intelligi
678 1131 769 1159 non
808 1119 1010 1160 bonitate
1043 1120 1184 1162 moris
1219 1121 1297 1162 sed
1335 1129 1507 1163 nature.
1587 1122 1761 1164 Natura

230 1186 351 1226 enim
381 1187 505 1241 cogit
534 1186 767 1228 hominem
798 1187 885 1228 sibi
916 1202 1101 1243 querere
1130 1189 1309 1231 fidelem
1335 1191 1558 1242 amicum3
1586 1206 1689 1233 cum
1720 1199 1762 1233 et

232 1253 328 1307 ipse
363 1253 498 1294 fidem
532 1263 574 1295 et
605 1255 932 1309 gratitudinem
965 1270 1145 1297 seruare
1176 1258 1382 1305 intendit,
1432 1259 1547 1300 nihil
1595 1260 1763 1302 frustra

228 1319 339 1373 agit,
364 1332 477 1373 ergo
506 1320 605 1373 ipsa
635 1320 841 1361 amicicia
874 1334 961 1375 que
993 1322 1212 1364 naturalis
1243 1330 1322 1373 est,
1352 1336 1442 1363 non
1471 1323 1761 1371 dissoluetur,

231 1394 390 1428 natura
439 1388 672 1439 existente,
726 1389 813 1429 nisi
866 1390 910 1429 in
962 1390 1173 1431 iniuriam
1212 1390 1358 1444 ipsius
1392 1397 1563 1439 nature,
1600 1398 1762 1431 natura

228 1462 378 1495 amata
402 1463 649 1510 repugnet;
675 1457 797 1511 quod
823 1457 948 1497 nullo
972 1457 1111 1498 modo
1136 1465 1297 1498 natura
1318 1457 1464 1499 facere
1483 1464 1646 1510 potest,
1672 1456 1760 1497 nisi

229 1523 454 1576 corruptis
490 1523 693 1564 moribus
729 1523 863 1564 fuerit
898 1538 1131 1578 oppressa.
1226 1525 1448 1566 Amicicia
1482 1538 1595 1580 ergo
1622 1537 1760 1580 quam

231 1590 432 1631 incendit
459 1591 613 1645 aliqua
645 1604 712 1632 res
742 1604 828 1645 que
860 1604 950 1631 non
981 1598 1046 1632 est
1077 1591 1175 1645 ipsa
1206 1605 1293 1646 que
1317 1599 1509 1641 amatur,
1538 1592 1689 1633 deficit
1718 1598 1760 1632 et

229 1658 525 1712 extinguitur,
547 1658 656 1698 dum
679 1658 779 1710 ipsa
800 1671 867 1699 res
887 1671 974 1712 que
989 1671 1189 1698 amorem
1213 1658 1418 1699 incitauit
1441 1672 1531 1699 non
1555 1659 1760 1707 habetur,

229 1733 278 1766 ut
303 1726 341 1767 si
370 1739 517 1767 mores
544 1727 614 1767 uel
640 1726 805 1767 diuicie
832 1726 904 1766 uel
926 1726 1223 1779 pulchritudo
1245 1727 1482 1768 continuat
1503 1728 1758 1769 amiciciam

228 1794 485 1835 errantibus
513 1794 729 1841 moribus,
757 1793 1016 1834 labentibus
1043 1793 1237 1841 diuiciis,
1262 1793 1532 1834 adnihillata
1560 1791 1760 1847 pulchri-

229 1863 401 1913 tudine,
431 1862 573 1903 eciam
600 1862 829 1903 euanescit
850 1863 1068 1909 amicicia,
1093 1870 1135 1902 et
1159 1862 1215 1903 de
1240 1876 1291 1903 eo
1319 1862 1397 1916 qui
1425 1862 1571 1915 ipsam
1600 1860 1760 1901 habuit

119 1941 143 1975 f,
163 1946 205 1976 54
222 1930 411 1981 dicatur,
443 1929 557 1970 nihil
582 1929 811 1972 infelicius
832 1943 971 1986 quam
996 1930 1138 1970 fuisse
1160 1930 1374 1970 161166111.1
1437 1929 1529 1971 Sed
1553 1929 1760 1970 amicicia

230 2012 366 2053 quam
393 2005 554 2039 natura
575 1999 671 2053 agit
697 1999 742 2038 in
766 1999 937 2047 amicis,
965 1998 1089 2039 nulla
1114 2005 1379 2052 paupertate
1403 1998 1606 2048 deicitur,
1633 1996 1760 2038 nullo

228 2079 377 2106 errore
409 2066 595 2113 deletur,
632 2065 758 2106 nulla
788 2065 1074 2106 deformitate
1104 2065 1271 2114 finitur,
1308 2065 1418 2106 dum
1456 2072 1615 2105 natura
1651 2064 1758 2106 sub-

228 2133 346 2174 sistit
374 2146 461 2188 que
488 2133 692 2174 amicicie
719 2132 840 2174 illius
864 2146 1000 2174 causa
1028 2133 1194 2173 existit.
1258 2132 1387 2174 Talis
1413 2131 1620 2173 amicicia
1648 2143 1759 2184 pure

230 2200 448 2241 naturalis
497 2207 578 2250 est,
631 2207 672 2240 et
719 2200 821 2241 ideo
870 2213 950 2240 nec
995 2200 1204 2241 meritum
1235 2213 1316 2241 nec
1349 2200 1632 2250 demeritum,
1670 2198 1758 2239 nisi

227 2274 384 2308 contra
424 2267 510 2308 Dei
540 2274 804 2322 preceptum
836 2267 1011 2321 aliquid
1050 2266 1285 2317 moliatur3
1335 2273 1377 2307 et
1429 2266 1565 2307 habet
1615 2266 1757 2307 eciam

228 2349 381 2377 secum
414 2349 631 2390 magnam
658 2335 1009 2376 delectacionem
1035 2348 1276 2382 annexam,
1309 2335 1353 2374 in
1384 2348 1476 2389 qua
1504 2334 1645 2374 eciam
1677 2345 1760 2373 nec

229 2404 440 2444 meritum
473 2417 555 2445 nec
585 2403 872 2444 demeritum.
937 2402 1060 2443 Uera
1092 2402 1213 2442 enim
1245 2402 1454 2443 amicicia
1485 2414 1576 2442 non
1610 2406 1758 2454 potest

227 2484 325 2512 esse
357 2471 455 2512 sine
486 2478 644 2511 mutua
676 2470 980 2511 delectacione
1006 2469 1271 2518 amicorum,
1300 2476 1342 2509 et
1374 2482 1529 2510 eorum
1562 2467 1756 2509 collocu-

225 2538 355 2579 cione
381 2537 685 2585 desiderabili,
710 2544 846 2591 atque
872 2536 1171 2578 consolatoris
1194 2535 1349 2583 affatu,
1376 2542 1418 2576 et
1444 2535 1527 2576 hec
1548 2532 1757 2574 amicicia

226 2605 264 2647 si
301 2605 455 2660 gracia
489 2605 575 2645 Dei
611 2604 854 2645 informata
888 2612 929 2645 et
964 2611 1056 2644 tota
1094 2603 1138 2644 in
1178 2603 1279 2644 Deo
1311 2602 1400 2651 fiat,
1432 2610 1473 2642 et
1507 2601 1565 2642 ad
1602 2598 1753 2641 Deum

226 2673 444 2714 referatur
480 2679 522 2713 et
559 2672 726 2719 tendat,
766 2671 931 2712 dicitur
969 2678 1076 2712 tunc
1115 2677 1270 2712 sancta
1321 2669 1540 2716 amicicia,
1594 2674 1636 2709 et
1687 2672 1754 2707 est

224 2741 418 2783 multum
471 2741 715 2782 meritoria.
809 2740 859 2782 Si
908 2747 1059 2781 autem
1105 2746 1289 2793 propter
1334 2738 1451 2779 hanc
1497 2736 1751 2778 amiciciam

283 2816 310 2846 1.
338 2813 382 2846 cf.
402 2813 589 2852 Boethius,
607 2812 659 2845 De
680 2812 812 2845 Consol.
829 2811 980 2851 Philos„
999 2811 1066 2844 Bk.
1089 2811 1136 2852 ΙΙ,
1152 2822 1254 2854 prose
1270 2814 1300 2844 4.
