1881 2985
513 178 657 215 LOVE
696 177 892 214 UNITES
933 177 997 212 US
1039 177 1107 213 TO
1147 177 1257 212 GOD
1587 190 1649 224 271

786 326 896 367 CAP.
925 338 995 378 41.

133 426 288 482 (Quod
316 440 443 467 amor
467 426 693 480 perfectus
720 426 818 467 unit
852 426 951 466 Deo
983 433 1024 467 et
1057 426 1405 480 inseparabilem
1441 427 1584 467 reddit
1612 434 1653 467 et

246 492 584 533 memorabilem
623 492 708 533 Dei
745 492 875 541 facit;
911 492 990 533 sed
1021 506 1148 534 amor
1182 493 1341 533 mundi
1378 493 1423 533 in
1459 493 1652 533 nihilum

245 559 378 600 cadit.
445 558 502 599 Et
534 558 589 599 de
623 566 783 599 natura
814 559 909 599 ueri
954 559 1122 600 amoris
1153 559 1304 601 stabili
1348 567 1389 600 et
1422 565 1652 613 perpetua,

236 639 391 676 suaue‚
416 626 504 666 leui
526 632 567 667 et
590 625 703 676 utili,
730 633 771 667 et
791 626 846 666 de
868 625 985 666 falso
1004 639 1172 676 amore,
1198 639 1443 677 uenenoso,
1470 627 1591 679 turpi
1611 635 1652 667 et

243 691 457 744 putrido.)

183 781 328 823 Actus
369 781 450 822 iste
491 781 718 836 perfectus
751 789 832 833 est,
872 782 1055 833 scilicet,
1100 782 1137 822 si
1178 788 1350 823 mentes
1387 789 1563 823 nostras
1596 784 1654 824 ab
1676 790 1699 822 f.
1720 791 1761 823 96

132 863 284 890 amore
317 856 517 890 creature
551 849 816 890 medullitus
861 849 1156 903 separemus1
1204 857 1246 890 et
1292 849 1375 889 soli
1424 849 1524 890 Deo
1556 848 1655 888 illas

133 929 237 956 uere
257 923 298 956 et
323 915 683 969 inseparabiliter
705 916 1066 970 coniungamus3
1092 924 1133 956 et
1157 924 1329 970 quanto
1351 916 1395 956 in
1418 916 1503 958 hoc
1519 928 1655 969 opere

134 981 355 1021 fuerimus
392 981 699 1034 perfecciores,
743 988 869 1022 tanto
912 995 1073 1022 sumus
1116 982 1335 1022 meliores.
1402 981 1489 1022 Iste
1527 987 1655 1022 actus

134 1060 272 1100 super
300 1061 459 1089 omnes
502 1047 618 1089 alios
661 1056 740 1097 est,
787 1049 895 1102 quia
937 1049 995 1089 ad
1037 1048 1159 1089 hunc
1202 1048 1337 1089 finem
1382 1049 1538 1089 omnia
1570 1061 1656 1102 que

133 1113 316 1167 agimus
345 1113 578 1154 referenda
602 1121 720 1162 sunt,
746 1123 794 1156 ut
819 1115 920 1155 Deo
962 1122 1115 1155 nostro
1160 1114 1354 1167 perfecte
1398 1114 1657 1163 uniamur32

135 1180 214 1220 sed
244 1180 302 1221 ab
336 1180 423 1221 isto
451 1181 620 1221 unione
650 1181 792 1222 multa
825 1180 1069 1228 retrahunt,
1102 1181 1283 1231 scilicet,
1313 1181 1489 1235 species
1515 1181 1657 1222 delec-

135 1246 287 1287 tabilis
331 1247 506 1298 mundi,
554 1248 734 1288 uanitas
777 1248 978 1288 uirorum
1023 1256 1064 1289 et
1108 1248 1362 1296 mulierum,
1406 1249 1572 1289 diuicie
1616 1255 1657 1289 et

134 1313 344 1363 honores,
385 1313 485 1355 laus
520 1321 561 1354 et
599 1314 730 1355 fauor
760 1314 1054 1367 populorum.
1113 1315 1218 1355 Ideo
1255 1315 1313 1355 ad
1349 1315 1470 1356 hunc
1505 1321 1655 1355 actum

136 1379 419 1432 implendum
459 1393 544 1421 nos
575 1393 877 1429 exerceamus,
916 1381 1090 1422 cunctis
1127 1379 1396 1434 postpositis
1432 1388 1473 1421 et
1505 1379 1662 1420 oblitis

137 1459 224 1500 que
257 1453 443 1500 possent
476 1447 710 1500 impedire.
775 1448 919 1488 Amor
954 1448 1074 1488 enirn
1106 1447 1164 1488 ad
1197 1461 1330 1502 quem
1361 1447 1661 1488 ascendemus

139 1512 183 1552 in
207 1512 292 1553 hoc
312 1526 447 1566 opere
471 1513 724 1554 feruencior
746 1521 811 1555 est
832 1514 1028 1554 carbone
1051 1514 1210 1568 ignito,
1232 1522 1273 1555 et
1294 1513 1502 1554 effectum
1525 1527 1658 1554 suum

137 1580 325 1621 omnino
362 1580 406 1620 in
444 1580 576 1621 nobis
610 1580 841 1634 producet,
893 1581 999 1634 quia
1047 1580 1256 1621 ardentes
1298 1588 1338 1622 et
1369 1580 1662 1633 splendentes

139 1647 271 1687 faciet
292 1646 471 1687 animos
499 1654 693 1688 nostros.
759 1646 848 1688 Hic
872 1654 936 1687 est
961 1660 1090 1687 amor
1116 1647 1193 1701 qui
1222 1660 1312 1688 non
1340 1654 1486 1701 potest
1512 1647 1660 1699 decipi

136 1727 162 1753 a
186 1720 402 1764 creatura,
429 1721 470 1754 et
492 1715 548 1756 ab
572 1720 723 1754 eterna
747 1714 951 1754 mercede
973 1727 1063 1754 non
1083 1721 1229 1768 potest
1253 1713 1452 1754 fraudari
1478 1715 1523 1754 in
1546 1713 1657 1754 celo.

140 1780 295 1822 Huius
320 1787 469 1821 autern
496 1781 666 1822 amoris
690 1781 921 1821 flammam
949 1781 1051 1835 quis
1077 1781 1154 1822 diu
1182 1782 1404 1823 sustinere
1428 1789 1596 1836 posset,
1622 1782 1660 1823 si

137 1860 316 1901 semper
350 1847 508 1888 eodem
547 1847 684 1889 modo
723 1847 1001 1902 perduraret,
1045 1848 1120 1888 sed
1147 1854 1420 1901 temperatur
1456 1861 1563 1901 sepe
1607 1861 1662 1888 ne

140 1923 376 1956 consumat
396 1923 602 1956 naturam
624 1929 703 1969 per
723 1929 887 1969 corpus
909 1916 1031 1970 quod
1052 1917 1358 1969 corrumpitur
1376 1923 1418 1956 et
1436 1922 1662 1969 aggrauat

144 1983 359 2033 animam,
397 1984 503 2037 quia
537 1983 635 2036 ipsa
663 1996 769 2024 caro
788 1983 1097 2037 corruptibilis
1126 1997 1217 2024 non
1252 1983 1420 2036 patitur
1452 1990 1500 2023 ut
1533 1994 1661 2022 mens

140 2052 186 2091 in
209 2050 358 2091 Deum
386 2051 552 2104 iugiter
577 2051 762 2093 feratur.
821 2051 1126 2104 Interpolatur
1150 2051 1271 2091 enim
1298 2050 1448 2090 feruor
1472 2046 1662 2090 actualis

140 2118 407 2159 deuocionis
431 2131 511 2171 per
541 2131 786 2172 sompnum
819 2126 860 2158 et
891 2118 1234 2159 immoderatam
1266 2116 1470 2170 corporis
1496 2114 1661 2156 exerci-

141 2185 363 2225 tacionem
394 2186 465 2225 uel
490 2185 702 2233 laborem,
734 2199 824 2226 non
854 2194 1004 2226 tamen
1033 2186 1168 2226 ardor
1195 2184 1478 2239 extinguitur
1505 2183 1584 2225 sed
1613 2188 1661 2223 ut

140 2252 267 2308 prius
297 2265 388 2293 non
421 2252 625 2293 sentitur.
692 2252 831 2294 Redit
856 2254 975 2294 enim
1008 2253 1066 2293 ad
1098 2266 1182 2293 nos
1212 2266 1314 2293 cum
1350 2265 1434 2293 nos
1463 2251 1662 2292 redimus

139 2321 197 2362 ad
222 2321 387 2371 Deum,
415 2328 455 2361 et
478 2321 583 2361 facit
609 2335 691 2362 nos
712 2321 1026 2362 conualescere
1049 2321 1106 2362 ab
1132 2320 1391 2360 infirmitate
1417 2318 1593 2366 mentis,
1619 2323 1661 2358 et

140 2388 410 2430 suauitatem
443 2387 623 2437 tribuit;
657 2388 798 2429 eciam
830 2401 995 2440 corpus
1027 2401 1053 2428 a
1083 2387 1240 2428 multis
1270 2386 1515 2441 generibus
1544 2397 1660 2425 mor-

140 2454 303 2494 borum
328 2453 460 2506 eripit
480 2454 589 2494 dum
614 2467 698 2494 nos
720 2453 765 2494 in
791 2454 1031 2494 sobrietate
1054 2460 1096 2493 et
1117 2452 1424 2506 temperancia
1446 2450 1657 2492 custodit.

145 2521 302 2562 Eleuet
328 2534 509 2575 quoque
535 2521 715 2561 animos
739 2527 918 2561 nostros
931 2520 987 2561 ad
1011 2519 1198 2561 celescia
1222 2518 1459 2568 desideria,
1491 2525 1539 2558 ut
1568 2529 1657 2556 non
1682 2525 1705 2557 f.
1727 2524 1789 2557 96h

144 2588 434 2631 inferioribus
462 2595 574 2628 terre
600 2588 884 2629 delectemur.
947 2586 1039 2627 Hic
1069 2593 1134 2627 est
1163 2599 1290 2626 amor
1321 2585 1397 2639 qui
1426 2583 1660 2625 Christum

145 2655 260 2708 rapit
289 2655 333 2695 in
363 2655 498 2696 corda
526 2661 693 2705 nostra,
724 2661 766 2695 et
791 2653 1031 2694 mellifluas
1059 2653 1165 2693 facit
1191 2659 1363 2692 mentes
1394 2658 1583 2697 nostras,
1612 2656 1660 2689 ut

198 2739 226 2769 1.
256 2737 304 2779 (9)
328 2738 346 2750 “
361 2736 592 2778 seperemus.'’
641 2736 683 2778 (j)
707 2735 948 2776 uncorrected,
972 2733 1236 2776 “superemus”
1301 2735 1330 2765 2.
1361 2733 1409 2774 (9)
1434 2733 1452 2745 “
1468 2731 1662 2763 uiuamus.’'
