1809 3036
625 242 879 278 RYLANDS
919 241 1005 276 MS.
1050 241 1176 285 18‚932
1620 253 1664 287 35

135 353 266 399 f.9ob.
325 357 620 390 Bonauentura.
672 357 776 391 Nota
812 357 857 392 de
895 357 957 392 his
993 356 1120 391 tribus
1156 357 1432 401 sequentibus,
1468 359 1662 402 Augusti-

324 419 428 445 nus:
460 413 545 447 Hec
572 423 666 448 uero
692 416 867 448 mentem
893 423 1055 448 sursum
1081 413 1286 448 attollunt.

136 476 164 512 f.
184 488 241 522 91.
329 479 380 512 In
402 479 721 515 reuelacz'onibus
748 481 857 515 beate
881 480 1046 515 matilde
1074 479 1224 524 legitur
1247 478 1374 525 (prob.
1398 480 1656 515 Revelations

327 533 368 568 of
396 534 619 569 Mechthild
647 534 689 569 of
717 534 982 580 Magdeburg)
1016 562 1022 568 .
1054 562 1061 569 .
1092 562 1099 568 .
1131 562 1138 569 .

327 590 524 627 Ricardus
547 593 747 637 Hampole
771 595 811 627 H
816 593 991 627 eremita.
1042 591 1135 626 Tria
1156 602 1252 626 uero
1275 592 1471 627 exercicia
1495 602 1659 638 cognos-

327 658 414 682 cere
443 647 575 691 debes,
608 648 757 693 quibus
785 648 1067 684 succendimur
1095 648 1145 684 ad
1176 659 1351 684 amorem
1381 649 1459 692 dei,
1490 649 1657 692 scilicet,

327 704 447 739 Sacra
474 704 610 748 leccio,
637 706 769 740 oracio
797 709 836 741 et
862 705 1087 741 meditacio.
1139 705 1281 743 Leccio
1307 710 1523 750 amantem,
1553 706 1658 741 scili-

325 764 389 796 cet
436 761 634 797 christum
684 773 801 808 quem
853 773 987 797 amare
1035 763 1241 806 debemus,
1293 763 1409 798 nobis
1461 763 1655 799 insinuat.

327 818 470 853 Oracio
506 819 556 854 ad
591 830 766 854 amorem
800 819 942 855 christi
978 831 1051 855 nos
1087 820 1327 864 inflammat,
1364 820 1580 856 Meditacio
1614 821 1658 855 in

324 875 472 911 amoris
497 876 751 911 dulcedinem
776 877 894 912 nobis
918 877 1201 912 subministrat.
1230 904 1237 911 .
1268 904 1275 911 .
1307 904 1314 911 .
1346 904 1353 911 .

324 933 494 978 Legitur
517 935 562 969 in
585 935 920 971 Reuelacionz‘bus
946 939 1080 971 sancte
1106 936 1272 970 Matilde
1303 964 1309 970 .
1341 963 1348 970 .
1380 964 1386 971 .
1418 964 1425 971 .

132 995 148 1031 f
179 997 263 1041 91b.
321 999 380 1033 De
417 999 664 1034 reuelacz‘one
702 999 893 1035 Katerine
931 1001 977 1035 de
1013 1000 1147 1035 Senio.
1214 1000 1232 1033 I
1268 998 1340 1034 tell
1375 999 1446 1034 the
1479 999 1568 1034 that
1604 1009 1657 1033 no

324 1064 530 1099 penaunce
562 1055 692 1090 which
724 1067 746 1090 a
777 1055 899 1100 dedly
928 1055 1035 1101 body
1062 1066 1158 1101 may
1187 1055 1311 1091 suffre
1339 1083 1345 1090 .
1377 1084 1384 1090 .
1416 1084 1422 1090 .
1454 1084 1461 1090 .
1494 1056 1656 1101 (Quota-

323 1110 430 1145 tions
466 1111 569 1146 from
605 1112 674 1146 the
710 1114 967 1149 Revelations
1007 1116 1046 1158 os
1082 1116 1123 1149 S.
1163 1114 1328 1159 Bridget
1365 1113 1526 1147 follow:
1572 1113 1657 1147 “in

318 1168 498 1212 capitulo
541 1169 668 1203 lxvi0.
720 1169 833 1204 Sicut
877 1170 1173 1214 receptaculum
1219 1181 1321 1215 aque
1366 1169 1659 1204 molendinario

322 1225 468 1259 retinet
496 1253 502 1259 .
534 1253 541 1259 .
573 1253 579 1259 .
611 1253 618 1259 .
646 1226 750 1260 libro
779 1228 897 1261 sexto
926 1226 1106 1271 capitulo
1136 1227 1295 1261 xxxix0
1330 1227 1520 1262 dominus
1551 1227 1657 1261 dixit

320 1282 427 1327 quod
455 1293 535 1316 non
563 1285 624 1317 est
653 1283 868 1317 minimum
897 1283 1066 1318 uerbum
1096 1295 1167 1318 nec
1197 1284 1323 1318 eciam
1352 1284 1521 1318 minima
1552 1283 1656 1328 cogi-

320 1338 426 1373 tacio
453 1366 460 1373 .
491 1366 498 1372 .
530 1367 536 1373 .
568 1366 575 1373 .
604 1341 704 1373 Item
729 1340 779 1374 de
801 1340 941 1374 eodem
965 1340 1080 1383 libro,
1108 1341 1284 1375 Ornatus
1310 1340 1535 1375 uoluntatis
1560 1342 1657 1376 sunt

317 1398 454 1430 sancte
495 1395 727 1431 affecciones
757 1424 763 1430 .
795 1424 802 1430 .
834 1424 841 1430 .
872 1397 911 1430 .’'
962 1399 1019 1434 De
1063 1402 1200 1434 sancta
1243 1398 1450 1433 Katerina.
1506 1397 1657 1441 (About

322 1463 362 1496 15
397 1452 513 1487 folios
549 1453 682 1488 follow
717 1453 760 1487 in
794 1453 979 1488 different
1014 1454 1135 1488 hand.
1188 1454 1328 1489 Bound
1364 1465 1419 1500 up
1455 1454 1553 1489 with
1588 1454 1655 1489 the

320 1510 570 1555 manuscript
593 1510 630 1544 is
654 1521 675 1545 a
699 1521 798 1555 very
821 1510 932 1556 early
957 1511 1116 1545 Caxton
1140 1511 1265 1556 folio.)

426 1682 770 1747 Bibliotheque
803 1684 1067 1731 Nationale
1095 1685 1156 1733 de
1188 1685 1335 1733 Paris.

123 1786 228 1829 MS.
261 1787 362 1828 Lat.
398 1798 566 1841 15‚7oo‚
597 1788 646 1831 ff.
679 1790 894 1842 4ob—7o‚
931 1789 1090 1845 kindly
1122 1791 1359 1831 examined
1393 1790 1464 1830 for
1490 1804 1560 1831 me
1587 1790 1649 1845 by

231 1855 299 1900 M.
333 1855 555 1907 Condere,
585 1857 794 1898 contains
826 1857 900 1898 the
933 1857 1046 1913 long
1076 1865 1166 1898 text
1197 1858 1243 1899 of
1277 1857 1454 1899 Rolle’s
1488 1859 1644 1900 Incen-

234 1924 360 1965 dium
382 1924 583 1974 Amoris,
610 1925 718 1965 with
740 1925 950 1978 Chapters
976 1938 1022 1965 12
1044 1926 1135 1966 and
1162 1935 1224 1976 15,
1251 1926 1343 1966 and
1366 1925 1441 1966 the
1465 1924 1647 1977 explicit

237 1991 331 2032 “in
363 1992 466 2033 aula
494 1992 643 2034 celesti
674 1993 932 2048 imperatori
964 1993 1010 2033 in
1042 1992 1193 2034 secula
1223 1993 1533 2035 seculorum.''

128 2159 357 2195 INCIPITS
390 2161 503 2194 AND
537 2160 820 2197 EXPLICITS
851 2161 918 2196 OF
950 2159 1232 2197 CHAPTERS
1267 2160 1332 2195 OF
1360 2160 1472 2198 THE
1500 2159 1645 2197 LONG

500 2226 674 2263 TEXTS
701 2227 768 2262 OF
798 2225 909 2263 THE
941 2227 1264 2263 INCENDIUM.

116 2330 325 2376 Prologue.
352 2331 593 2367 Admirabar
604 2355 636 2359 -
647 2329 854 2365 sorciatur,

115 2388 212 2433 Cap.
911 2395 1007 2439 Cap.

163 2454 194 2478 1.
222 2445 260 2479 N
262 2443 420 2479 ouerint
431 2468 464 2474 —
475 2453 583 2480 suas.
956 2452 990 2486 8.
1018 2452 1083 2488 Ex
1112 2461 1261 2495 magno
1272 2474 1303 2478 -
1315 2448 1450 2484 castis.

161 2511 194 2536 2.
220 2499 483 2535 Manifestum
496 2526 527 2529 -
539 2500 687 2536 uidere.
953 2518 987 2551 9,
1016 2506 1059 2542 Si
1086 2506 1321 2552 temporalis
1333 2531 1365 2535 —
1376 2504 1576 2551 proponit.

165 2566 198 2599 3.
228 2557 543 2601 Contemplatiui
556 2581 588 2585 -
599 2557 782 2602 inspiret.
934 2575 988 2598 10,
1018 2563 1177 2598 Dicitur
1188 2588 1219 2592 -
1230 2562 1402 2608 lingent.

163 2623 197 2656 4.
226 2612 389 2648 Amoris
399 2638 431 2642 -
442 2613 702 2649 consolatore.
933 2633 948 2655 1
957 2632 987 2655 1,
1016 2620 1208 2656 Animam
1219 2645 1251 2649 -
1263 2619 1411 2666 quieto.

161 2680 194 2713 5.
223 2671 333 2705 Inter
355 2669 491 2706 omnia
502 2695 533 2699 -
545 2674 742 2716 reputare.
934 2687 988 2713 12.
1016 2675 1059 2712 Si
1083 2675 1174 2722 quis
1187 2700 1218 2704 -
1229 2675 1487 2721 corporalem.

163 2725 198 2759 6.
227 2725 492 2761 Abundancia
504 2751 536 2755 —
547 2726 786 2761 seculorum.
934 2744 988 2776 13,
1017 2732 1254 2770 Extiterunt
1266 2757 1297 2761 -
1309 2731 1519 2767 exaltauit.

163 2791 196 2825 7.
223 2780 267 2817 Si
299 2780 644 2818 ideo-merearis.
931 2799 984 2832 14.
1013 2790 1159 2824 Beatus
1188 2788 1520 2834 Iob-augeatur.
