1881 2985
126 1174 149 1207 f.
170 1173 233 1207 93b

253 190 320 223 254
718 180 829 217 THE
870 180 990 216 TWO
1033 180 1323 217 ECSTASIES

255 298 393 339 simul
430 311 533 339 cum
572 297 658 339 hoc
696 311 783 353 que
822 298 866 338 in
907 297 1036 338 libris
1067 304 1174 338 sunt
1206 296 1443 352 intelligat,
1482 304 1785 352 neutrumque

254 364 444 405 alterum
470 363 685 405 offendat.

313 430 405 473 Sed
430 445 521 472 non
547 439 613 473 est
639 431 721 473 hec
744 431 897 485 gracia
923 430 1140 472 omnibus
1165 431 1429 485 passimque
1450 444 1680 479 concessa,
1706 430 1785 472 sed

253 498 405 538 anime
452 505 618 545 sancte,
667 497 953 539 sanctissime
1002 497 1187 545 imbute,
1236 498 1307 538 cui
1354 497 1471 538 lucet
1514 496 1786 538 excellencia

253 566 438 617 amoris,
479 573 520 607 et
558 566 751 620 hympni
788 566 985 606 amorosi
1019 565 1302 607 familiariter
1338 566 1382 606 in
1419 580 1471 607 ea
1503 566 1690 608 Christo
1719 567 1786 607 in-

254 634 457 687 spirante
499 641 759 688 eruperunt,
805 641 846 674 et
890 634 1019 688 quasi
1066 634 1155 675 iam
1201 633 1500 689 hympnidica
1539 634 1697 676 effecta
1740 635 1786 674 in

254 709 549 755 conspectum
582 702 846 743 Conditoris
875 702 946 743 sui
977 701 1264 743 ineffabiliter
1293 710 1507 756 personat
1532 702 1783 744 iubilando.

258 768 359 823 Que
421 776 461 809 et
528 769 780 810 misterium
845 769 1017 811 amoris
1072 783 1330 824 agnoscens
1390 777 1526 824 atque
1592 769 1788 811 clamore

255 837 548 879 uehementer
579 837 760 878 intenso
787 838 954 878 dilecto
986 837 1253 889 ascendens,
1292 838 1336 878 in
1372 837 1600 879 intellectu
1637 837 1788 879 existit

254 902 518 942 acutissima
548 909 589 942 et
614 902 866 956 perspicax,
900 902 944 942 in
976 916 1206 957 sensuque
1236 902 1432 950 subtilis,
1465 915 1556 943 non
1589 900 1788 956 singulis

258 969 392 1011 rebus
416 969 576 1010 mundi
599 969 738 1011 huius
757 970 977 1023 dispersa,
1000 970 1079 1012 sed
1104 970 1148 1010 in
1170 984 1265 1011 uno
1289 970 1388 1011 Deo
1410 977 1502 1011 tota
1524 969 1723 1018 collecta,
1747 976 1789 1010 et

258 1036 410 1085 infixa,
455 1042 503 1077 ut
548 1037 591 1077 in
637 1037 832 1089 puritate
873 1037 1157 1078 consciencie
1200 1051 1252 1078 ac
1294 1037 1438 1079 nitore
1483 1037 1648 1079 mentis
1700 1035 1787 1090 ipsi

257 1102 439 1152 seruiat,
470 1116 604 1156 quem
637 1116 790 1143 amare
818 1109 859 1143 et
891 1103 963 1143 cui
996 1116 1043 1143 se
1076 1102 1289 1144 exhibere
1318 1102 1592 1144 deuouebat.
1684 1101 1791 1157 Quo

258 1169 442 1223 quidem
467 1170 667 1211 amantis
688 1184 817 1211 amor
836 1178 902 1211 est
924 1170 1095 1224 purior,
1123 1184 1177 1211 eo
1201 1170 1264 1211 illi
1289 1171 1418 1212 Deus
1441 1178 1507 1212 est
1531 1171 1790 1225 presencior

257 1243 299 1277 et
323 1236 545 1291 proprior,
569 1251 623 1279 ac
647 1251 727 1291 per
752 1237 838 1279 hoc
864 1238 937 1279 ille
964 1238 1008 1278 in
1038 1238 1139 1279 Deo
1158 1238 1318 1292 purius
1345 1239 1527 1293 gaudet,
1553 1246 1595 1280 et
1618 1239 1674 1280 de
1702 1237 1789 1279 Dei

259 1304 461 1345 bonitate
512 1311 553 1344 et
599 1305 823 1346 suauitate
871 1305 1074 1359 benigna
1116 1306 1302 1347 uberius
1347 1305 1497 1355 sentit,
1550 1319 1638 1360 que
1680 1318 1792 1357 pure

257 1371 520 1412 amantibus
552 1385 599 1413 se
630 1371 743 1413 solet
776 1372 1029 1420 infundere,
1064 1380 1105 1413 et
1132 1372 1479 1427 incomparabili
1514 1373 1790 1414 iocunditate

259 1437 383 1478 illabi
412 1437 627 1479 cordibus
654 1439 853 1492 piorum.
912 1439 1055 1480 Porro
1079 1453 1208 1480 amor
1237 1440 1318 1481 iste
1345 1454 1487 1493 purus
1515 1447 1581 1481 est
1606 1438 1792 1495 quando

261 1505 348 1545 iarn
373 1505 435 1545 illi
460 1519 550 1546 non
576 1507 789 1547 miscetur
811 1507 996 1548 alterius
1020 1507 1079 1548 rei
1105 1506 1308 1558 affectus,
1334 1520 1414 1548 nec
1441 1507 1790 1547 inclinacionem

259 1572 393 1613 habet
421 1573 479 1614 ad
510 1573 711 1628 aliquam
737 1573 1050 1614 delectabilem
1077 1574 1274 1627 speciem
1306 1574 1547 1615 fruendam
1575 1585 1792 1626 corporee

259 1647 485 1691 creature3
509 1641 619 1696 quin
643 1641 784 1681 immo
806 1641 1024 1682 mundata
1048 1642 1213 1682 mentis
1232 1641 1340 1689 acie,
1365 1641 1409 1681 in
1428 1654 1522 1681 uno
1543 1638 1792 1681 eternitatis

261 1707 488 1748 desiderio
518 1715 641 1749 totus
675 1708 915 1755 stabilitur,
951 1715 992 1748 et
1024 1722 1126 1749 cum
1161 1708 1363 1750 libertate
1399 1707 1589 1761 spiritus
1626 1706 1792 1761 iugiter

260 1774 423 1827 aspicit
477 1774 522 1814 in
576 1788 788 1827 superna,
844 1775 1232 1830 quemadmodum
1287 1775 1363 1830 qui
1420 1773 1592 1827 rapitur
1646 1774 1792 1814 forma

261 1841 454 1882 alicuius
492 1841 566 1889 rei,
598 1842 656 1882 ad
690 1855 826 1896 quam
866 1856 957 1883 non
997 1842 1228 1883 intendere
1261 1849 1302 1882 et
1341 1855 1477 1896 quarn
1517 1855 1608 1883 non
1647 1841 1792 1896 possit

261 1921 425 1948 amare.

321 1973 412 2014 Sed
453 1974 593 2028 liquet
626 1981 776 2015 tamen
818 1975 940 2029 quod
980 1981 1136 2027 rap-tus
1173 1974 1355 2015 duobus
1395 1973 1544 2015 modis
1581 1988 1629 2015 se
1663 1973 1793 2015 offert

263 2040 628 2095 intelligendum.
695 2040 804 2082 Uno
831 2041 1015 2096 quidem
1044 2041 1180 2081 modo
1208 2054 1301 2096 quo
1327 2040 1432 2095 quis
1456 2047 1580 2081 extra
1606 2053 1792 2082 sensum

265 2107 415 2149 carnis
449 2108 507 2148 ita
542 2108 728 2160 rapitur,
771 2115 818 2148 ut
852 2108 1033 2161 penitus
1062 2116 1264 2161 tempore
1298 2115 1456 2161 raptus
1494 2121 1584 2148 non
1623 2107 1793 2149 senciat

265 2173 483 2227 quicquid
508 2173 552 2213 in
576 2187 708 2214 carne
732 2174 804 2214 uel
828 2174 884 2214 de
906 2187 1040 2214 carne
1061 2180 1242 2227 agatur.
1307 2172 1411 2226 Ipse
1434 2180 1585 2213 tamen
1612 2184 1703 2212 non
1727 2177 1794 2212 est

266 2246 472 2280 mortuus
499 2239 578 2281 sed
607 2239 743 2280 uiuus
770 2239 876 2293 quia
900 2238 1051 2280 adhuc
1078 2238 1229 2279 anime
1257 2237 1460 2279 uiuificat
1489 2249 1672 2290 corpus.
1737 2233 1793 2275 Et

266 2306 351 2347 hoc
386 2306 525 2347 modo
563 2306 814 2360 aliquando
856 2306 1094 2359 rapiuntur
1136 2305 1279 2346 sancti
1317 2312 1358 2345 et
1400 2304 1527 2345 electi
1568 2303 1626 2344 ad
1663 2315 1792 2344 suam

266 2373 504 2414 utilitatem
539 2380 580 2414 et
608 2372 801 2413 aliorum
837 2372 1203 2422 instruccionem,
1240 2371 1356 2412 sicut
1389 2370 1562 2411 Paulus
1595 2369 1672 2424 qui
1701 2374 1794 2408 erat

267 2447 423 2493 raptus
459 2440 517 2481 ad
561 2440 749 2480 tercium
793 2439 955 2480 celum.
1024 2439 1079 2479 Et
1125 2438 1210 2480 hoc
1254 2438 1392 2479 modo
1436 2443 1604 2490 raptus,
1648 2435 1791 2477 eciam

267 2515 526 2562 peccatores
560 2508 605 2548 in
642 2508 818 2549 uisione
853 2506 1103 2561 aliquando
1138 2506 1388 2559 rapiuntur,
1419 2512 1468 2545 ut
1502 2503 1689 2545 uideant
1721 2500 1793 2543 uel

266 2575 488 2630 gaudium
535 2574 795 2616 bonorum1
842 2574 913 2615 uel
957 2586 1098 2627 penas
1146 2572 1441 2626 reproborum
1502 2583 1586 2624 pro
1626 2581 1709 2610 sua
1751 2572 1792 2607 et

264 2643 458 2684 aliorum
486 2641 785 2691 coneccione,
817 2641 932 2682 sicut
959 2640 1014 2681 de
1042 2638 1197 2680 multis
1224 2639 1439 2693 legimus,

325 2750 351 2779 1.
383 2747 426 2788 (j)
456 2747 473 2760 “
488 2745 705 2778 beatorum.”
