1881 2985
652 165 964 203 CONTINUAL
1005 167 1222 203 PRAYER
1634 183 1699 216 203

827 309 937 352 CAP.
965 322 1034 351 20.

287 412 377 466 (De
400 414 591 455 utilitate
612 422 653 456 et
674 414 897 470 dignitate
919 416 1144 458 oracionis
1166 424 1207 457 et
1229 417 1580 472 meditacionis.)

230 489 305 531 Ad
330 490 447 533 hanc
472 493 638 534 mentis
661 493 952 534 stabilitatem
977 494 1308 548 adquirendam
1331 503 1373 536 et
1399 496 1694 544 retinendam,

173 556 297 610 iugis
318 558 470 599 oracio
494 559 687 600 multum
712 560 912 601 adiuuat.
975 560 1095 615 Quia
1119 562 1157 603 si
1181 562 1438 603 intencione
1464 562 1694 610 fundatur,

172 624 385 665 uirtutem
413 625 659 667 demonum
685 634 883 668 eneruat.
975 627 1201 681 Quamuis
1229 629 1350 669 enim
1384 628 1510 669 Deus
1541 627 1696 669 omnia

172 691 299 742 sciat,
335 692 475 732 eciam
508 700 751 747 antequam
786 693 1029 748 quicquam
1064 702 1286 748 petamus,
1317 702 1567 749 cognoscat
1599 707 1696 748 per·
1717 706 1740 738 f.
1763 705 1826 739 35b

172 757 284 798 fecte
333 759 443 813 quid
492 759 705 801 uolumus
754 767 917 814 petere,
968 768 1117 801 tamen
1167 761 1407 815 multipliti
1456 763 1511 803 de
1559 774 1696 803 causa

171 825 389 866 debemus
438 839 588 876 orare3
642 827 748 881 quia
798 827 1009 869 Christus
1058 829 1115 869 ad
1163 829 1388 869 orandum
1435 828 1695 882 exemplum

171 891 363 943 prebuit,
392 893 578 946 quando
602 893 646 933 in
676 894 886 935 oracione
913 895 1039 937 solus
1068 896 1112 935 in
1138 904 1289 936 monte
1317 897 1625 950 pernoctauit;
1653 903 1695 936 et

165 958 272 1012 quia
322 966 583 1012 preceptum
630 967 696 1001 est
741 961 952 1013 apostoli,
1003 960 1113 1003 Sine
1165 960 1500 1004 intermissione
1548 967 1695 1011 orate;

173 1032 348 1080 oportet
377 1028 497 1069 enim
527 1043 651 1070 orare
681 1035 722 1071 et
747 1043 841 1071 non
868 1030 1092 1084 deficere}

231 1094 342 1135 Item
373 1102 421 1135 ut
459 1109 712 1136 mereamur
747 1097 947 1150 graciam
988 1097 1033 1136 in
1066 1097 1262 1151 presenti
1313 1105 1354 1138 et
1405 1097 1599 1152 gloriam
1648 1097 1693 1137 in

171 1160 336 1209 futura,
381 1163 501 1203 unde
540 1162 674 1217 petite
719 1168 759 1204 et
803 1162 1050 1216 accipietis,
1150 1163 1241 1218 Qui
1284 1164 1394 1218 petit
1436 1165 1612 1218 accipit,
1652 1169 1694 1206 et

165 1228 367 1282 pulsanti
386 1228 683 1283 aperieturfl]

232 1296 342 1337 Item
362 1297 469 1352 quia
488 1298 641 1351 angeli
662 1297 858 1338 offerunt
879 1298 1114 1339 oraciones
1134 1305 1311 1339 nostras
1335 1298 1446 1347 Deo,
1469 1305 1517 1338 ut
1539 1299 1696 1338 iuuent

170 1364 228 1404 ad
251 1364 568 1417 implecionem
591 1377 760 1404 earum.
827 1363 1150 1418 Cogitaciones
1172 1377 1281 1405 uero
1303 1372 1343 1405 et
1365 1363 1590 1405 desideria
1610 1362 1695 1405 so-li

173 1429 274 1470 Deo
302 1430 424 1471 nuda
454 1438 560 1472 sunt
594 1439 636 1471 et
671 1438 841 1484 aperta.
938 1430 1100 1472 Sciunt
1136 1438 1286 1471 tamen
1323 1431 1476 1484 angeli
1509 1429 1696 1485 quando

170 1497 314 1539 sancti
345 1497 488 1552 digna
516 1504 557 1538 et
588 1505 744 1538 sancta
776 1498 995 1552 cogitant,
1030 1504 1072 1537 et
1103 1511 1206 1538 cum
1235 1511 1389 1538 amore
1421 1504 1571 1538 eterne
1604 1497 1695 1537 uite

171 1563 462 1604 uehementer
485 1564 839 1613 inflammantur,
871 1577 950 1618 per
982 1565 1309 1605 reuelacionem
1340 1565 1425 1605 Dei
1453 1572 1494 1605 et
1522 1564 1695 1618 experi-

169 1630 345 1670 enciam
383 1631 655 1672 exteriorum
693 1631 945 1678 accionum,
985 1631 1091 1685 quia
1124 1631 1281 1672 uident
1325 1645 1403 1672 eos
1454 1632 1539 1674 soli
1595 1633 1696 1673 Deo

168 1696 434 1737 deseruire.3
509 1696 678 1750 [Unde
731 1698 789 1738 ad
848 1698 1086 1739 Danielem
1143 1698 1257 1739 dixit
1313 1699 1537 1753 angelus:
1610 1697 1691 1740 Uir

171 1763 496 1804 desideriorum
532 1763 613 1804 es,4
706 1764 817 1805 Item
854 1765 960 1819 quia
997 1778 1076 1818 per
1120 1765 1383 1806 continuam
1434 1765 1693 1806 oracionem

163 1829 421 1871 incenditur
442 1831 625 1872 animus
654 1831 760 1885 igne
787 1832 934 1872 diuini
962 1833 1149 1873 amoris.
1212 1832 1291 1872 Ait
1316 1833 1437 1873 enim
1464 1832 1591 1872 Deus
1615 1844 1695 1885 per

169 1899 439 1953 prophetam
474 1900 638 1940 Nonne
672 1901 809 1941 verba
843 1914 943 1941 mea
978 1900 1108 1954 quasi
1138 1901 1262 1955 ignis
1292 1901 1456 1942 ardens
1487 1907 1527 1943 et
1563 1900 1693 1955 quasi

165 1966 357 2007 malleus
376 1972 610 2009 conterens
630 1972 779 2023 petras
796 1968 836 2008 95
898 1968 1142 2010 Psalmista
1161 1969 1302 2010 eciam
1322 1969 1430 2010 dicit
1450 1985 1459 2010 :
1487 1968 1693 2023 Ignitum

170 2033 403 2088 eloquium
427 2039 554 2075 tuum
576 2034 905 2076 uehementer.6
966 2034 1058 2076 Sed
1082 2047 1203 2076 nunc
1226 2034 1355 2075 multi
1379 2042 1485 2076 sunt
1508 2035 1585 2089 qui
1605 2033 1696 2076 cito

172 2102 361 2142 reiciunt
381 2101 571 2142 uerbum
594 2101 680 2142 Dei
699 2103 756 2143 ab
777 2115 852 2142 ore
871 2115 957 2142 suo
974 2109 1015 2142 et
1033 2115 1059 2141 a
1076 2102 1225 2152 corde,
1251 2114 1342 2142 non
1360 2101 1562 2143 sinentes
1582 2099 1694 2141 illud

172 2168 234 2209 ibi
269 2168 497 2222 quiescere
532 2169 577 2208 in
610 2182 669 2216 se,
703 2176 745 2209 et
781 2169 883 2209 ideo
912 2182 1003 2209 non
1038 2169 1377 2209 succenduntur
1406 2167 1553 2209 calore
1587 2179 1692 2207 con-

169 2234 429 2285 solacionis,
465 2235 544 2276 sed
576 2235 733 2290 frigidi
769 2242 1001 2276 remanent
1036 2236 1080 2275 in
1115 2244 1296 2289 torpore
1329 2242 1369 2275 et
1405 2233 1693 2289 negligencia

170 2301 311 2342 eciam
342 2308 446 2354 post
476 2301 737 2343 innumeras
770 2302 1020 2352 oraciones,
1066 2309 1108 2342 et
1154 2302 1458 2356 scriptuarum
1505 2301 1692 2342 medita-

169 2367 336 2415 ciones‚
357 2368 464 2422 quia
478 2368 678 2422 perse-cto
698 2376 846 2409 mente
868 2382 948 2408 nec
967 2376 1097 2409 orant
1117 2382 1197 2409 nec
1218 2369 1510 2410 meditantur.
1572 2367 1691 2409 Cum

162 2434 239 2475 alii
285 2434 363 2489 qui
401 2447 582 2476 omnem
622 2435 842 2476 accidiam
882 2434 1136 2485 excudunt,
1178 2434 1296 2476 infra
1337 2434 1473 2475 breue
1513 2441 1695 2485 tempus

171 2503 304 2544 ualde
335 2509 441 2544 sunt
473 2503 606 2557 igniti
637 2511 679 2544 et
711 2503 882 2545 Christi
909 2516 1064 2543 amore
1090 2503 1315 2544 ardentes.
1407 2501 1543 2543 Unde
1577 2506 1692 2540 recte

170 2570 338 2619 subdit,
359 2578 401 2611 et
423 2583 583 2612 seruus
605 2577 711 2612 tuus
728 2570 884 2611 dilexit
906 2569 1035 2610 illud.
1099 2569 1210 2610 Ideo
1230 2569 1351 2610 enim
1372 2581 1588 2609 accensus
1612 2573 1691 2614 est,

227 2669 256 2698 1.
280 2668 304 2701 I
324 2667 458 2708 Thess„
481 2669 512 2708 5,
538 2668 586 2700 17.
634 2669 663 2700 2.
696 2668 782 2701 Luc.
827 2670 877 2708 11,
900 2670 948 2700 10.
1017 2669 1046 2699 3.
1077 2668 1125 2711 (9)
1152 2667 1349 2700 “seruire.”
1394 2670 1425 2699 4.
1452 2668 1557 2709 Dan,
1582 2668 1613 2705 9,
1639 2668 1690 2698 23.

165 2714 196 2744 5.
223 2712 293 2744 Ier.
318 2712 370 2752 23,
394 2712 444 2742 29.
512 2713 541 2743 6.
569 2710 703 2744 Psalm.
729 2714 802 2752 118,
827 2714 897 2743 140.
