1881 2985
467 181 630 224 HEAT,
663 180 806 216 SONG
840 178 954 212 AND
989 175 1312 212 SWEETNESS
1589 173 1653 217 185

125 299 308 355 quidem
339 298 461 353 quod
491 311 698 339 summus
728 309 855 336 amor
881 293 1052 335 Christi
1081 293 1125 333 in
1150 292 1297 333 tribus
1326 291 1561 332 consistit:
1602 291 1647 331 in

124 366 314 420 feruore,
346 365 390 404 in
424 377 598 412 canore,
626 370 667 404 et
698 363 741 403 in
772 363 977 410 dulcore3
1023 367 1064 400 et
1095 358 1177 400 hec
1206 358 1290 398 tria
1319 370 1408 411 ego
1436 360 1651 408 expertus

125 446 225 474 sum
253 432 298 472 in
330 438 477 472 mente
509 444 599 471 non
624 443 757 484 posse
782 429 860 470 diu
888 427 1125 481 persistere
1156 425 1253 466 sine
1284 436 1453 477 magna
1482 422 1647 476 quiete.

126 499 190 541 Ut
213 499 250 540 si
270 498 406 539 uelim
428 498 593 539 stando
616 497 687 538 uel
709 494 989 537 ambulando
1011 491 1321 545 contemplari,
1344 491 1415 531 uel
1440 501 1648 544 procum—

125 566 287 614 bendo,
336 565 548 607 uidebam
596 578 666 604 me
712 563 904 605 multum
950 561 1007 601 ab
1058 560 1146 600 illis
1190 558 1393 606 deficere,
1436 564 1477 598 et
1518 555 1648 611 quasi
1672 558 1694 592 f.
1713 559 1754 593 75

125 632 378 675 desolatum
413 646 483 673 me
515 629 809 673 existimare.1
870 629 1007 671 Unde
1041 628 1125 668 hac
1153 626 1416 667 necessitate
1444 622 1649 676 compul-

124 713 204 742 sus
222 706 269 741 ut
292 700 336 739 in
359 713 538 741 summa
558 698 807 740 deuocione
828 710 964 752 quam
989 695 1154 736 habere
1176 705 1357 747 possem
1381 697 1423 731 et
1443 700 1650 744 perseue-

125 780 233 814 rare,
273 766 426 807 sedere
463 766 594 820 elegi.
673 764 827 806 Huius
863 763 924 804 rei
964 775 1100 804 causa
1142 774 1232 801 non
1269 760 1435 813 ignoro
1466 756 1574 812 quia
1610 754 1649 796 si

125 833 264 874 homo
291 833 483 875 multum
513 840 597 874 stet
624 833 694 874 uel
723 831 924 873 ambulet
952 842 1118 882 corpus
1148 828 1245 869 eius
1274 826 1490 880 fatigatur
1516 830 1559 864 et
1586 822 1651 864 sic

124 900 370 953 impeditur
400 900 552 941 anima
580 906 621 940 et
653 898 994 954 quodammodo
1022 894 1231 937 lacescit2
1268 909 1347 950 pre
1377 905 1529 934 onere.
1596 888 1652 929 Et

126 981 217 1008 non
256 974 322 1008 est
361 967 405 1006 in
443 981 526 1008 sua
563 979 742 1008 summa
780 966 942 1020 quiete,
975 971 1016 1004 et
1054 978 1133 1018 per
1165 975 1450 1017 consequens
1486 974 1568 1001 nec
1606 959 1651 998 in

126 1034 420 1089 perfeccione,
446 1034 552 1088 quia
576 1033 827 1074 secundum
852 1031 1195 1086 philosophum,
1218 1029 1419 1071 sedendo
1441 1036 1483 1070 et
1504 1027 1652 1082 quies-

126 1101 270 1142 cendo
305 1101 353 1141 fit
383 1101 537 1141 anima
573 1099 786 1154 prudens.
850 1098 941 1153 Qui
978 1111 1087 1152 ergo
1120 1097 1271 1138 adhuc
1303 1095 1452 1150 magis
1487 1093 1654 1136 stando

127 1182 264 1223 quam
296 1168 498 1209 sedendo
532 1168 575 1207 in
608 1167 779 1208 diuinis
809 1166 1068 1212 delectatur,
1100 1164 1212 1205 sciat
1243 1177 1289 1204 se
1316 1177 1342 1204 a
1373 1161 1653 1215 contempla-

126 1236 271 1276 cionis
298 1235 496 1276 culmine
525 1235 661 1288 longe
685 1234 869 1274 distare.
932 1232 1142 1286 Cumque
1171 1244 1290 1278 uero,
1321 1231 1365 1270 in
1392 1230 1482 1272 illis
1507 1229 1655 1269 tribus

126 1315 213 1356 que
262 1310 368 1343 sunt
418 1302 553 1356 signa
601 1300 917 1355 perfectissimi
968 1299 1149 1346 amoris,
1201 1310 1381 1339 summa
1430 1294 1656 1350 perfeccio
1710 1311 1713 1312 ⁷

123 1369 369 1411 christiane
408 1368 642 1423 religionis
678 1368 776 1408 sine
811 1367 935 1408 omni
971 1366 1272 1420 ambiguitate
1310 1364 1581 1410 inueniatur,
1611 1367 1654 1402 et

125 1449 213 1490 ego
247 1436 350 1484 iam,
383 1449 467 1489 pro
504 1434 691 1477 modulo
724 1435 990 1488 capacitatis
1021 1447 1130 1481 mee,
1170 1446 1222 1473 ea
1263 1432 1398 1474 Ihesu
1433 1430 1654 1485 largiente

125 1503 291 1556 accep-i,
319 1516 399 1544 nec
422 1510 573 1543 tamen
595 1503 764 1543 sanctis
789 1502 866 1556 qui
892 1502 936 1541 in
958 1501 1024 1542 eis
1046 1500 1312 1542 effulserunt
1333 1499 1348 1523 3
1368 1513 1437 1540 me
1459 1498 1652 1540 audeam

124 1571 363 1625 adequare,
395 1570 501 1624 quia
533 1569 646 1610 forte
675 1569 751 1609 illa
781 1568 1032 1622 perfeccius
1063 1573 1374 1621 perceperunt.
1439 1566 1653 1606 Insistam

124 1637 275 1678 adhuc
325 1636 489 1678 uirtute
541 1650 630 1690 qua
682 1642 839 1690 potero
889 1642 936 1676 ut
986 1648 1133 1675 amem
1185 1634 1439 1681 ardencius,
1491 1644 1653 1674 canam

126 1704 358 1759 liquidius,
389 1705 675 1746 dulcedinem
699 1704 870 1744 amoris
898 1703 1097 1744 senciam
1128 1702 1344 1755 amplius.

185 1771 357 1813 Erratis
385 1772 519 1819 enim,
550 1772 723 1819 fratres,
753 1771 791 1812 si
822 1770 993 1824 putatis
1019 1783 1141 1811 nunc
1171 1769 1321 1810 nullos
1349 1776 1441 1808 tam
1471 1774 1657 1810 sanctos

127 1847 174 1881 ut
209 1839 428 1893 prophete
463 1838 533 1881 uel
565 1838 760 1891 apostoli
798 1838 996 1880 fuerunt.
1062 1837 1305 1877 Feruorem
1341 1842 1493 1876 autem
1526 1847 1654 1882 uoco,

127 1907 313 1961 quando
354 1920 482 1947 mens
525 1919 678 1946 amore
723 1912 877 1946 eterno
916 1904 1133 1946 ueraciter
1178 1903 1446 1951 incenditur,
1492 1910 1535 1943 et
1579 1915 1656 1943 cor

123 1974 278 2014 eodem
312 1974 450 2014 modo
469 1986 621 2014 amore
644 1973 801 2013 ardere
827 1985 916 2012 non
937 1970 1192 2012 estimatiue
1217 1969 1296 2011 sed
1322 1968 1497 2009 realiter
1520 1964 1657 2008 senti-

126 2049 212 2084 tur.
277 2040 369 2082 Cor
396 2041 516 2081 enim
548 2040 592 2079 in
620 2040 726 2094 igne
753 2052 1025 2080 conuersum
1054 2051 1238 2079 sensum
1270 2036 1425 2090 prebet
1456 2033 1654 2075 incendii

125 2108 310 2148 amoris.
373 2106 599 2148 Canorem
634 2120 749 2148 uoco
776 2105 962 2160 quando
994 2105 1083 2145 iam
1119 2104 1163 2144 in
1193 2104 1361 2152 animo,
1389 2102 1654 2144 abundante

125 2174 299 2222 ardore,
337 2174 584 2227 suscipitur
621 2174 825 2215 suauitas
866 2172 1015 2214 laudis
1053 2180 1215 2219 eterne,
1249 2184 1301 2211 ac
1340 2170 1567 2224 cogitatus
1607 2168 1653 2208 in

125 2240 352 2282 canticum
384 2240 675 2287 conuertitur,
708 2247 749 2280 et
780 2253 909 2280 mens
939 2239 983 2278 in
1019 2237 1287 2280 mellifluum
1321 2237 1463 2278 melos
1494 2237 1653 2277 immo-

128 2314 264 2348 ratur.
331 2306 429 2348 Hec
459 2307 550 2348 duo
585 2320 675 2348 non
712 2307 756 2347 in
785 2307 886 2347 ocio
919 2305 1245 2359 percipiuntur,
1280 2305 1360 2346 sed
1397 2304 1441 2344 in
1472 2315 1655 2345 summa

127 2373 388 2421 deuocione,
414 2387 468 2414 ex
494 2374 661 2428 quibus
686 2374 887 2421 tercium,
912 2373 1094 2421 scilicet,
1117 2372 1312 2414 dulcedo
1336 2370 1653 2413 inestimabilis

126 2440 269 2481 adest.
335 2439 504 2481 Feruor
534 2441 655 2481 enim
683 2448 725 2481 et
753 2453 891 2481 canor
921 2439 1173 2480 mirabilem
1206 2440 1250 2479 in
1280 2440 1433 2480 anima
1463 2443 1653 2480 causant

125 2505 416 2556 dulcorem43
453 2513 494 2546 et
534 2506 673 2547 eciam
709 2508 768 2548 ob
812 2506 999 2546 nimiam
1042 2506 1329 2547 dulcedinem
1368 2505 1444 2545 illa
1478 2501 1653 2546 causari

127 2580 335 2627 possunt.

188 2687 216 2717 l·
245 2689 302 2722 Cf.
326 2689 511 2729 Prologue,
529 2691 651 2729 p.146.
760 2687 788 2716 2ε
812 2690 857 2731 (α)
885 2689 1087 2720 “lacessit-,3³
1136 2689 1174 2731 (ι’)
1206 2690 1222 2703 “
1238 2689 1420 2721 laxescit.”

191 2735 222 2766 3.
256 2733 363 2766 Short,
388 2735 486 2764 texts
514 2733 532 2746 ‘⁴
548 2732 760 2765 fulserunt.’'
900 2735 931 2765 4.
959 2733 1025 2766 See
1040 2744 1073 2775 p.
1092 2737 1174 2767 4872.
