1757 2990
121 167 188 201 144
578 159 821 197 INTEGRE
854 160 1186 197 DEUOCIONIS

118 280 161 314 et
190 272 400 328 pluribus
427 274 530 316 aliis
557 274 751 317 testibus
781 275 839 316 ad
872 275 1094 329 premissa
1123 275 1299 318 uocatis
1311 279 1566 332 specialiter
1606 285 1649 319 et

115 349 302 395 rogatis.

175 407 232 449 Et
284 422 372 463 ego
424 409 620 452 Iacobus
661 408 787 461 Cole,
836 409 1028 452 clericus
1072 410 1378 454 Norwicensis
1436 412 1646 464 diocesis,

114 477 329 532 publicus
350 479 615 520 auctoritate
639 478 907 532 Apostolica
931 479 1150 531 notarius,
1178 481 1414 533 premissis
1433 480 1650 522 omnibus

114 546 314 599 singulis
350 547 460 588 dum
499 547 563 588 sic
600 555 648 588 ut
684 547 959 601 premittitur
994 561 1074 602 per
1107 549 1341 589 reuerendi
1380 550 1425 589 in
1463 549 1651 591 Christo

112 620 287 666 patrem
341 621 383 654 et
438 614 692 662 dominum,
743 614 982 656 dominum
1042 614 1294 657 Ricardum
1352 616 1439 657 Dei
1494 616 1648 672 gracia

115 680 487 722 Londoniensem
551 681 832 735 episcopum,
895 689 1179 723 executorem
1241 695 1320 724 seu
1385 683 1648 738 delegatum

112 748 415 801 apostolicum
439 748 767 801 supradictum,
792 756 835 788 et
865 761 1016 789 coram
1045 762 1100 789 eo
1124 750 1210 791 sub
1239 763 1364 791 anno
1393 746 1647 792 indiccione

111 815 393 869 pontificatu,
423 829 591 864 mense,
618 816 691 857 die
717 823 758 856 et
787 816 887 856 loco
913 816 958 856 in
988 815 1077 856 fine
1104 817 1328 870 presentis
1357 816 1646 859 instrumenti

111 882 338 936 superius,
369 882 551 936 plenius
580 882 821 935 descriptis
851 884 1108 937 agebantur
1135 891 1177 924 et
1207 883 1391 932 fiebant,
1425 899 1517 926 una
1542 898 1645 926 cum

112 951 304 993 testibus
335 951 681 1005 prenominatis,
717 964 905 1004 presens
938 951 1237 1006 personaliter
1272 952 1471 1004 interfui,
1504 966 1646 1007 eaque

109 1020 265 1061 omnia
296 1027 338 1060 et
362 1020 548 1075 singula
579 1033 631 1060 ac
662 1020 862 1074 prefatas
894 1020 1063 1061 litteras
1091 1020 1367 1074 apostolicas
1395 1020 1645 1075 originales

108 1087 321 1141 superius
357 1087 610 1140 descriptas
648 1086 756 1140 fieri,
798 1087 907 1135 uidi,
942 1094 984 1127 et
1022 1087 1184 1135 audiri,
1224 1087 1439 1142 ipsasque
1474 1087 1646 1128 litteras

108 1154 386 1209 apostolicas
427 1168 481 1196 ex
517 1155 697 1196 decreto
737 1161 780 1195 et
822 1154 1038 1196 mandato
1075 1154 1182 1195 dicti
1226 1155 1460 1195 reuerendi
1503 1154 1646 1209 patris

107 1223 402 1276 transumpsi,
435 1222 715 1277 transcripsi,
752 1222 1024 1276 exemplaui,
1061 1236 1113 1264 ac
1150 1236 1230 1276 per
1258 1222 1400 1264 alium
1439 1236 1511 1263 me
1540 1221 1643 1263 aliis

107 1291 313 1345 negociis
343 1290 594 1344 prepedito,
625 1290 935 1344 suprascripta
962 1290 1098 1331 scribi
1130 1290 1229 1338 feci,
1261 1289 1495 1344 publicaui
1525 1296 1567 1330 et
1596 1289 1641 1329 in

106 1357 225 1398 hanc
259 1357 492 1412 publicam
530 1357 724 1398 formam
766 1356 934 1411 redegi,
969 1357 1174 1411 meisque
1206 1357 1346 1411 signo
1380 1364 1423 1397 et
1457 1356 1642 1397 nomine

104 1425 337 1467 consuetis
364 1424 564 1479 signaui,
587 1438 640 1465 ac
668 1437 807 1465 manu
837 1437 936 1464 mea
963 1424 1150 1477 propria
1176 1437 1247 1464 me
1275 1423 1349 1465 hic
1375 1422 1641 1476 subscripsi,

107 1499 295 1547 rogatus
328 1498 370 1533 et
405 1491 663 1546 requisitus,
694 1491 740 1531 in
774 1490 911 1531 fidem
944 1498 987 1530 et
1016 1490 1328 1532 testimonium
1362 1491 1569 1532 omnium
1598 1497 1640 1530 et

102 1560 393 1614 Singulorum
426 1558 770 1612 premissorum.
