1881 2985
210 188 277 224 260
579 189 691 225 THE
730 189 875 226 LOVE
917 187 984 223 OF
1025 187 1138 225 THE
1179 188 1376 225 WORLD

214 320 386 355 uocem,
416 306 583 347 melum
611 307 910 355 nescientem;
939 318 1072 345 ouem
1100 304 1339 358 uulpinam
1367 304 1530 359 pellem
1553 305 1744 346 induen-

217 381 332 425 tem;
361 381 402 415 et
428 374 700 421 columbam,
729 373 834 427 plus
860 372 954 412 fera
977 371 1267 424 furientem]

273 443 530 497 Fugiamus
568 455 679 496 ergo
725 453 991 494 corporeum
1041 439 1477 493 immundialemque
1524 451 1742 489 amorem,

214 512 345 553 cuius
375 511 561 552 dorsum
596 510 731 550 habet
762 508 985 556 aculeum,
1016 507 1098 548 etsi
1131 507 1269 549 facies
1301 506 1585 557 blandiatur;
1616 505 1747 548 cuius

216 578 300 619 flos
337 578 507 618 fellitus
545 584 623 624 est,
661 584 702 616 et
740 576 850 616 uber
888 575 1139 628 uipereum,
1178 573 1391 628 quamuis
1424 574 1569 622 lateat,
1603 572 1744 628 gerit;

216 646 345 688 cuius
376 659 512 698 sapor
543 645 743 685 animam
776 650 895 684 secat
926 656 952 682 a
980 642 1092 689 Deo,
1121 649 1162 682 et
1193 642 1408 683 balneum
1440 648 1607 682 cremat
1639 641 1747 694 igne

222 714 494 762 inferorum3
545 712 674 754 cuius
724 725 887 751 aurum
939 710 983 749 in
1043 709 1239 750 cinerem
1291 709 1495 759 uertitur,
1549 716 1590 751 et
1639 706 1748 749 thus

215 781 515 835 sulphureum
570 780 832 821 incendium
883 779 1069 821 emittet.
1154 777 1245 819 Hic
1296 786 1362 819 est
1413 790 1541 818 amor
1589 789 1748 819 carens

215 847 473 897 clemencia,
496 845 730 887 clemencia
760 845 922 899 plenus
947 844 1162 893 delicata3
1188 843 1266 898 qui
1295 856 1385 884 non
1411 843 1519 884 sinit
1544 843 1745 883 animam

215 915 302 955 sibi
352 914 603 969 obligatam
650 920 911 954 sanctorum
956 907 1130 952 cetibus
1174 909 1410 964 coniungi,
1461 917 1539 951 aut
1587 909 1750 950 diuino

214 997 368 1023 amore
393 982 619 1023 delectari.

84 1060 193 1096 f,52b
276 1050 380 1091 Istis
411 1050 576 1090 etenim
612 1049 688 1104 qui
720 1048 931 1089 affectum
966 1047 1134 1088 habent
1162 1047 1428 1088 inclinatum
1456 1046 1514 1086 ad
1547 1058 1747 1086 amorem

218 1126 419 1160 creature
475 1118 634 1159 mundi
694 1117 831 1159 huius
874 1117 1183 1170 ponderosum
1237 1122 1317 1163 est,
1370 1122 1411 1155 et
1466 1112 1748 1154 intolerabile

217 1187 397 1227 uidetur
436 1187 636 1240 cogitare
660 1185 715 1226 de
742 1185 856 1232 Deo,
886 1198 988 1225 cum
1014 1184 1111 1225 eius
1136 1182 1352 1223 memoria
1377 1180 1653 1223 suauissima
1677 1178 1750 1225 sit,

216 1262 257 1295 et
278 1254 589 1308 cogitantibus
609 1252 875 1293 mirabiliter
899 1250 1132 1292 dulcescit.
1196 1249 1246 1291 Si
1271 1249 1392 1290 enirn
1418 1249 1473 1289 de
1500 1248 1598 1288 Deo
1624 1245 1747 1300 cogi-

217 1328 310 1361 tare
343 1320 555 1373 ceperint,
588 1319 739 1360 statim
774 1318 939 1359 labitur
974 1331 999 1357 a
1038 1323 1186 1357 mente
1222 1329 1392 1362 eorum,
1444 1321 1485 1356 et
1533 1313 1591 1354 ad
1642 1324 1749 1354 suas

217 1387 435 1441 pristinas
482 1386 791 1441 cogitaciones
840 1385 1040 1430 redeunt,
1106 1383 1149 1423 in
1215 1381 1384 1436 quibus
1445 1381 1523 1422 diu
1586 1386 1751 1434 sponte

217 1455 506 1509 quieuerunt.
595 1453 820 1506 Ligantur
848 1451 1021 1506 quippe
1045 1464 1127 1491 sua
1154 1450 1273 1490 mala
1295 1448 1639 1499 consuetudine,
1668 1461 1751 1489 nec

219 1530 309 1562 tam
350 1521 543 1562 infirmis
579 1528 621 1560 et
660 1519 852 1573 impuris
886 1518 1128 1566 mentibus,
1169 1517 1286 1571 (sine
1324 1529 1493 1570 magna
1530 1523 1572 1557 et
1609 1515 1749 1569 longa

218 1589 544 1629 exercitacione
576 1586 882 1640 spiritualium
918 1585 1255 1639 cogitacionum
1290 1592 1332 1625 et
1363 1583 1623 1624 abieccione
1655 1595 1750 1623 cor-

217 1656 443 1710 poralium
466 1653 905 1710 ymaginacionum),
928 1652 1071 1705 sapiet
1091 1652 1222 1693 cibus
1238 1651 1524 1705 angelorum.
1564 1649 1749 1691 Habent

220 1735 417 1776 namque
455 1720 657 1774 palatum
696 1720 846 1760 cordis
886 1719 1191 1773 inquinatum,
1231 1717 1354 1758 febre
1388 1716 1534 1770 iniqui
1566 1715 1750 1761 amoris,

219 1796 403 1843 propter
424 1788 546 1842 quod
569 1801 659 1828 non
682 1794 875 1841 possunt
896 1785 1061 1827 sentire
1080 1784 1367 1825 dulcedinem
1390 1782 1534 1838 glorie
1554 1782 1748 1824 celestis.

220 1855 622 1910 Quemadmodum
663 1854 846 1908 quidem
886 1853 923 1893 si
962 1851 1239 1906 quandoque
1277 1850 1463 1891 ueniant
1496 1850 1541 1889 in
1576 1856 1749 1889 mentes

220 1924 401 1963 illorum
452 1920 760 1975 cogitaciones
807 1920 936 1966 bone,
984 1932 1073 1959 non
1124 1917 1184 1958 ibi
1235 1924 1494 1966 morantur3
1546 1915 1751 1969 expulsis

219 1990 370 2031 statim
435 1988 615 2029 indiciis
675 1987 832 2028 diuine
896 1984 1215 2038 inspiracionis
1276 1997 1355 2038 per
1420 1982 1749 2023 radicacionem

221 2058 469 2106 malorum;
504 2064 545 2097 et
579 2061 815 2096 transeunt
847 2053 902 2094 de
932 2052 1053 2093 malo
1079 2052 1123 2092 in
1159 2051 1301 2105 peius,
1334 2058 1470 2104 atque
1503 2063 1557 2091 eo
1589 2049 1752 2102 damp-

221 2123 420 2164 nabilius
440 2130 668 2169 corruunt,
690 2134 781 2175 quo
800 2121 922 2162 bono
941 2132 1031 2174 quo
1050 2124 1303 2172 tanguntur
1325 2130 1414 2157 non
1435 2117 1748 2170 acquiescunt.

280 2191 347 2230 Ita
395 2189 522 2230 electi
567 2188 644 2243 qui
690 2187 895 2229 succensi
931 2193 1037 2227 sunt
1072 2185 1282 2225 funditus
1311 2183 1471 2224 diuino
1505 2194 1671 2231 amore,
1707 2185 1749 2219 et

221 2257 408 2299 Christo
449 2254 812 2309 inseparabiliter
854 2253 1085 2299 adherent,
1132 2252 1169 2292 si
1217 2249 1466 2304 aliquando
1515 2248 1631 2289 male
1678 2246 1750 2288 uel

222 2326 457 2368 immunde
508 2324 816 2378 cogitaciones
861 2322 1040 2363 animos
1087 2320 1266 2360 illorum
1316 2318 1511 2373 pulsent,
1562 2324 1604 2358 et
1654 2315 1748 2357 uim

221 2395 393 2436 faciunt
427 2401 474 2434 ut
508 2394 702 2433 intrent:
746 2404 851 2431 mox
885 2389 978 2431 celo
1011 2387 1312 2441 suspicientes
1343 2399 1421 2427 eas
1449 2385 1666 2434 abiciunt,
1698 2396 1753 2424 ac

222 2461 399 2502 feruore
419 2457 691 2499 intencionis
709 2456 995 2510 extinguunt;
1010 2462 1053 2495 te
1072 2453 1286 2494 nimirum
1310 2453 1408 2505 ipsa
1426 2453 1547 2493 bona
1567 2460 1750 2492 consue-

220 2528 378 2569 tudine
418 2526 690 2579 semetipsos
725 2525 936 2574 excitant,
975 2530 1023 2564 ut
1059 2522 1103 2562 in
1145 2535 1192 2563 se
1233 2521 1345 2561 nihil
1386 2527 1627 2566 terrenum,
1668 2529 1751 2557 nec

220 2596 394 2650 aliquid
430 2601 651 2636 uenenate
686 2592 942 2634 dulcedinis
979 2591 1023 2630 in
1059 2603 1149 2644 qua
1183 2589 1460 2630 delectentur
1494 2592 1745 2627 assumant.

224 2663 304 2704 Ille
320 2663 441 2703 enirn
460 2675 594 2716 quem
615 2659 812 2713 perfecta
832 2658 993 2699 caritas
1013 2656 1171 2703 exurit,
1192 2662 1427 2710 peccatum
1447 2653 1519 2695 uel
1540 2652 1748 2707 iniquum

222 2731 603 2771 oblectamentum
628 2740 718 2767 non
744 2725 892 2773 sentit,
916 2725 1054 2764 immo
1076 2723 1235 2777 pocius
1259 2722 1303 2762 in
1332 2721 1433 2762 Deo
1454 2734 1537 2762 suo
1561 2718 1751 2769 exultat,

227 2804 268 2837 et
296 2809 375 2837 nec
395 2807 543 2849 angor
568 2806 647 2834 nec
672 2790 968 2832 immundicia
994 2790 1143 2842 ipsum
1168 2787 1418 2829 contristat.
