1881 2985
435 182 483 217 IS
514 182 715 219 ACTIVE
747 182 871 219 LIFE
901 181 1055 218 MORE
1086 181 1382 218 FRUITFUL?
1607 193 1672 227 205

149 298 504 352 contemplatiua
542 299 635 339 uita
679 305 794 340 recte
834 297 1036 345 ducatur,
1077 310 1213 351 quam
1255 297 1437 338 actiua.1
1525 297 1672 338 Racio

151 364 445 405 feruencioris
462 366 632 406 amoris
651 365 696 405 in
715 364 1069 418 contemplatiua
1089 364 1184 404 uita
1203 377 1340 418 quam
1362 364 1406 404 in
1425 363 1574 404 actiua
1592 370 1671 412 est,

152 429 259 484 quia
282 431 623 484 contemplatiui
649 431 695 471 in
717 431 867 486 quiete
887 438 994 473 sunt
1013 431 1178 472 mentis
1199 438 1240 471 et
1265 430 1481 483 corporis,
1509 438 1550 470 et
1572 429 1673 470 ideo

151 510 230 550 pre
261 497 438 538 cunctis
469 498 737 539 mortalibus
763 498 1033 540 suauitatem
1066 504 1254 552 gustant
1299 496 1439 537 eterni
1485 495 1669 536 amoris.

153 563 306 604 Actiui
335 577 444 605 uero
470 565 515 604 in
544 564 696 606 labore
724 573 765 606 et
788 565 995 606 discursu
1021 564 1228 604 exteriori
1256 562 1462 604 seruiunt
1492 562 1604 609 Deo,
1633 568 1674 601 et

153 630 198 670 in
228 629 404 670 interna
436 630 584 684 quiete
614 631 843 672 modicum
881 630 1196 671 immorantur.
1291 629 1428 670 Unde
1463 628 1674 670 delectari

154 709 245 737 non
275 704 469 751 possunt
498 697 585 739 nisi
613 711 714 738 raro
743 704 783 738 et
812 697 1023 738 breuiter.
1114 695 1473 750 Contemplatiui
1504 695 1676 750 quippe

154 763 284 817 quasi
306 763 472 817 iugiter
490 764 702 805 fruuntur
717 763 1007 816 amplexibus
1026 763 1163 803 amati
1183 763 1270 804 sui.

205 829 463 882 Opponunt
493 837 643 870 autem
680 830 865 884 quidam
898 829 1129 871 dicentes:
1177 830 1204 846 “
1231 829 1395 871 Actiua
1430 829 1525 870 uita
1559 828 1677 869 fruc-

154 899 328 939 tuosior
363 899 477 946 est,’'
518 899 624 953 quia
659 898 765 939 facit
800 911 937 952 opera
969 897 1288 946 misericordie,
1323 904 1365 938 et
1399 897 1601 951 predicat
1636 902 1677 936 et
1699 900 1723 933 f.
1744 899 1807 934 80b

157 964 420 1006 huiusmodi
444 964 533 1005 alia
555 965 652 1019 agit
671 980 681 1005 ε
714 978 825 1019 ergo
846 965 996 1019 magis
1018 965 1245 1006 meritoria
1268 972 1351 1005 est.
1415 964 1533 1006 Dico
1556 964 1678 1020 quod

156 1045 262 1080 non,
284 1032 391 1086 quia
408 1032 514 1073 talia
534 1046 672 1086 opera
691 1032 917 1086 pertinent
937 1033 995 1073 ad
1015 1033 1240 1086 premium
1260 1031 1536 1073 accidentale
1556 1031 1679 1086 quod

157 1105 223 1139 est
251 1099 472 1153 gaudium
506 1099 561 1139 de
592 1099 716 1140 bono
746 1106 909 1139 creato.
1000 1098 1137 1140 Unde
1169 1099 1234 1140 sic
1259 1105 1407 1153 potest
1438 1111 1571 1146 unus,
1601 1097 1679 1152 qui

154 1173 412 1206 assumetur
434 1166 479 1206 in
500 1165 733 1211 ordinem?
748 1165 1032 1220 angelorum,
1054 1165 1219 1206 habere
1239 1165 1414 1219 aliquid
1438 1165 1560 1219 quod
1585 1165 1682 1217 ipse

160 1246 251 1274 non
289 1232 473 1273 habebit
511 1233 589 1287 qui
629 1233 711 1274 erit
754 1232 798 1272 in
840 1232 998 1273 ordine
1037 1231 1270 1286 cherubyn
1314 1231 1386 1272 uel
1424 1230 1680 1284 seraphyn;

158 1300 342 1350 scilicet,
373 1300 594 1354 gaudium
626 1300 682 1340 de
709 1300 866 1354 aliquo
896 1300 1020 1341 bono
1044 1306 1193 1340 creato
1223 1299 1346 1353 quod
1377 1297 1481 1339 fecit
1512 1299 1557 1338 in
1588 1297 1682 1338 uita

158 1380 265 1417 sua3
293 1367 415 1421 quod
439 1367 557 1408 alius
584 1367 661 1421 qui
687 1366 862 1407 excellit
884 1367 928 1406 in
955 1379 1107 1406 amore
1133 1365 1218 1405 Dei
1244 1365 1374 1419 quasi
1400 1366 1681 1418 incompara-

162 1434 311 1475 biliter
334 1446 425 1474 non
452 1432 573 1474 fecit.
625 1432 753 1474 Sicut
779 1446 885 1486 sepe
909 1432 1134 1486 contingit
1158 1433 1281 1486 quod
1302 1431 1471 1485 aliquis
1494 1430 1685 1472 minoris

160 1503 306 1543 meriti
329 1504 478 1544 bonus
500 1508 566 1543 est
589 1508 631 1542 et
651 1501 876 1555 predicat3
898 1501 1018 1541 alius
1039 1514 1130 1541 non
1152 1501 1366 1554 predicat,
1391 1500 1469 1554 qui
1488 1499 1682 1540 multum

161 1569 312 1623 magis
350 1575 486 1609 amat.
589 1568 827 1623 Numquid
870 1568 950 1608 iste
992 1581 1079 1622 que
1114 1567 1315 1621 predicat
1351 1567 1453 1608 ideo
1492 1567 1685 1607 melior?

162 1635 281 1676 Non.
376 1635 467 1677 Sed
522 1636 604 1677 iste
658 1635 735 1690 qui
790 1636 894 1689 plus
934 1642 1055 1674 amat
1088 1634 1295 1687 superior
1334 1641 1375 1673 et
1410 1632 1570 1674 melior
1605 1638 1684 1679 est,

162 1703 374 1757 quamuis
393 1702 465 1743 ille
487 1703 635 1742 minor
652 1715 736 1755 pro
756 1701 1069 1756 predicacione
1090 1701 1299 1742 meritum
1319 1700 1503 1741 habebit
1524 1715 1534 1740 ε
1562 1699 1685 1754 quod

163 1770 245 1811 iste
281 1770 424 1810 maior
459 1783 549 1810 non
586 1769 761 1816 meruit,
797 1768 904 1823 quia
938 1781 1027 1809 non
1059 1767 1324 1822 predicauit.
1412 1767 1542 1808 Patet
1575 1778 1686 1820 ergo

164 1837 286 1892 quod
311 1837 397 1878 hoc
422 1850 511 1877 non
534 1844 600 1877 est
622 1836 826 1877 sanccior
848 1835 920 1876 uel
943 1835 1238 1876 excellencior
1259 1841 1444 1888 propter
1467 1832 1686 1873 exteriora

163 1917 301 1957 opera
329 1917 416 1958 que
441 1904 552 1958 agit.
619 1903 745 1945 Deus
772 1903 893 1944 enim
919 1902 996 1957 qui
1024 1909 1090 1942 est
1112 1902 1339 1954 inspector
1362 1899 1514 1941 cordis
1539 1897 1689 1952 magis

167 1978 419 2012 remunerat
443 1970 723 2011 uoluntatem
749 1983 885 2024 quarn
910 1982 1044 2023 opus.
1109 1967 1382 2021 Dependent
1404 1967 1525 2008 enim
1551 1978 1687 2019 opera

167 2052 221 2079 ex
253 2036 521 2084 uoluntate,3
555 2051 646 2078 non
680 2036 894 2078 uoluntas
926 2049 980 2077 ex
1009 2049 1167 2089 opere3
1218 2034 1325 2089 quia
1369 2040 1541 2088 quanto
1587 2031 1690 2086 quis

166 2105 406 2145 ardencius
425 2104 657 2153 amauerit,
682 2111 809 2145 tanto
828 2104 886 2144 ad
909 2103 1053 2144 alcius
1076 2103 1300 2157 premium
1325 2100 1542 2142 ascendit.
1609 2098 1689 2139 Est

161 2178 312 2211 autem
334 2171 379 2211 in
400 2171 521 2212 ueris
538 2170 904 2224 contemplatiuis
925 2169 1038 2211 uiris
1056 2168 1241 2224 quidam
1262 2168 1413 2209 feruor
1432 2164 1690 2220 mellifluus,

169 2246 212 2278 et
244 2236 484 2278 affluencia
517 2237 672 2278 diuine
708 2237 985 2286 dileccionis,
1021 2249 1076 2276 ex
1113 2236 1283 2290 quibus
1318 2232 1691 2289 permanentibus

172 2304 428 2345 immittitur
484 2304 530 2344 in
591 2318 667 2345 eos
729 2317 894 2345 canora
952 2302 1177 2349 iubilacio,
1240 2315 1342 2343 cum
1399 2298 1689 2341 inestimabili

171 2371 425 2412 amenitate.
489 2370 546 2411 Et
566 2370 647 2411 hec
666 2371 711 2411 in
732 2370 893 2412 actiuis
910 2370 954 2410 in
977 2369 1060 2411 hac
1079 2369 1174 2409 uita
1194 2381 1429 2422 nunquam
1450 2365 1691 2407 inueniun-

231 2471 258 2500 1.
289 2469 404 2509 (9)-“
420 2468 695 2524 aetiuanracgone
716 2468 946 2500 feruencioris
965 2468 1160 2508 amorisque
1180 2467 1216 2498 in
1235 2465 1511 2507 conteniplatiua
1527 2463 1614 2496 est.’'

232 2513 264 2588 Ξ.
290 2513 344 2588 (gf),
367 2511 416 2598 (lg.)
442 2511 604 2593 5erssssss
637 2565 788 2597 passage
834 2555 925 2586 from
953 2554 986 2585 S.
1022 2553 1195 2585 Ansehn’s
1228 2552 1336 2584 letter
1366 2554 1403 2583 to
1435 2551 1497 2583 the
1528 2550 1693 2587 recluses,

168 2598 283 2630 which
312 2597 434 2639 nearly
462 2597 508 2630 all
537 2597 598 2628 the
625 2598 724 2628 short
751 2600 850 2628 texts
877 2596 1098 2637 incorporate
1121 2596 1157 2627 in
1184 2595 1247 2627 the
1275 2595 1494 2627 Incendium.
1544 2592 1695 2625 “Omnis

166 2641 259 2673 accio
287 2640 477 2672 laudabilis
501 2640 576 2672 siue
602 2639 888 2681 reprehensibilis
914 2650 959 2670 ex
988 2639 1172 2670 uoluntate
1201 2638 1309 2670 habet,
1335 2637 1475 2669 laudem
1499 2636 1556 2668 uel
1579 2646 1693 2677 repre-

167 2685 369 2716 hensionem
373 2707 506 2725 .....
522 2683 706 2717 iudicatur
722 2686 838 2714 tamen
857 2693 878 2714 a
894 2682 970 2714 Deo
988 2683 1236 2725 unusquisque
1251 2682 1295 2714 de
1313 2681 1457 2722 propria
1475 2679 1692 2712 uoluntate.’'

168 2728 304 2761 Patrol.
322 2728 405 2760 Lat.
425 2726 508 2765 elix,
532 2728 602 2762 167.
