1881 2985
107 1048 131 1081 f.
152 1050 194 1081 82

218 185 285 222 208
769 183 914 221 LOVE
955 183 1203 220 PURIFIES

219 303 387 345 fectum
420 315 518 344 esse
549 315 651 343 cum
686 314 777 342 non
811 301 884 351 sit,
914 300 1071 341 audiat
1104 300 1292 355 quando
1323 301 1426 355 quis
1455 301 1590 343 habet
1624 302 1669 342 in
1701 315 1749 343 se

218 364 568 418 perfeccionem.
667 366 767 409 Hec
801 367 923 408 enim
962 374 1027 408 est
1060 367 1154 408 uita
1190 367 1524 422 perfectorum:
1564 382 1747 410 omnem

217 446 372 474 curam
398 434 670 475 secularium
701 435 997 489 negociorum
1028 434 1219 483 abicere,
1250 442 1460 489 parentes
1490 443 1532 477 et
1564 437 1750 492 propria

218 507 404 553 propter
423 500 658 542 Christum
682 501 947 556 relinquere,
969 502 1125 542 omnia
1143 502 1402 543 transitoria
1424 504 1545 545 bona
1566 511 1751 558 propter

218 572 418 608 eternam
438 567 579 608 uitam
600 575 934 621 contempnere,
952 569 1153 610 carnalia
1172 569 1315 625 longo
1333 569 1486 611 labore
1506 571 1749 616 destruere,

219 635 524 688 petulanciam
547 642 588 676 et
609 648 768 677 omnes
791 642 943 678 motus
965 636 1158 685 illicitos,
1181 643 1403 692 quantum
1426 637 1645 692 possibile
1665 644 1745 688 est,

220 701 457 751 refrenare,
476 702 521 742 in
543 702 644 743 solo
665 701 930 745 Conditoris
948 717 1102 744 amore
1125 704 1422 755 inardescere,
1449 712 1552 758 post
1570 716 1751 745 amaros

217 769 417 823 gemitus
441 776 482 810 et
503 770 727 811 immensa
748 769 1056 823 spiritualium
1079 784 1269 824 operum
1294 771 1534 812 exercicia1
1555 784 1751 825 superne

219 836 626 890 contemplacionis
662 836 950 877 dulcedinem
990 838 1187 878 sentire:
1232 844 1275 879 et
1311 839 1389 887 sic,
1430 845 1478 879 ut
1515 839 1571 880 de
1609 838 1750 893 priui-

220 902 402 957 legiatis
427 903 617 958 loquar:
656 917 741 957 pro
771 904 945 959 gaudio
969 904 1126 945 diuine
1171 905 1436 947 dileccionis
1481 906 1527 947 in
1564 913 1748 948 cantum

218 970 501 1024 spiritualem
530 971 602 1012 uel
631 972 676 1012 in
701 972 892 1013 >celicum
920 986 1086 1014 sonum
1110 973 1469 1027 contemplando
1495 974 1681 1027 suscipi,
1708 980 1751 1014 et

218 1037 264 1078 in
329 1038 505 1080 interna
570 1039 733 1094 quiete,
795 1039 982 1081 semotis
1044 1040 1486 1093 perturbacionibus,
1550 1041 1751 1082 suauiter

219 1105 481 1146 immorari:
516 1106 733 1161 quatinus
759 1106 869 1148 dum
896 1107 998 1148 uiro
1023 1107 1109 1148 Dei
1136 1108 1335 1149 exterius
1358 1108 1421 1148 nil
1447 1107 1555 1148 libet
1576 1119 1742 1161 agere:

217 1174 357 1214 eterni
385 1174 555 1215 amoris
583 1174 769 1216 delicias
794 1175 840 1214 in
868 1175 1068 1215 carmine
1094 1188 1263 1216 canoro
1290 1182 1331 1216 et
1360 1173 1578 1215 ineffabili
1608 1172 1751 1214 iubilo

218 1241 409 1282 interius
436 1241 609 1294 rapitur
636 1254 896 1295 personare.
961 1240 1038 1282 Sic
1070 1241 1285 1282 nimirum
1315 1240 1450 1281 talem
1476 1239 1749 1282 suauitatem

219 1308 403 1350 habebit
439 1309 483 1349 in
519 1316 668 1350 mente
698 1309 878 1364 qualem
914 1309 1083 1350 habent
1115 1308 1269 1363 angeli
1298 1309 1343 1349 in
1374 1307 1485 1358 celo,
1523 1308 1625 1349 licet
1658 1319 1749 1347 non

217 1384 402 1417 tantam.
468 1375 571 1417 Hoc
596 1376 767 1430 quippe
792 1375 930 1416 modo
953 1374 1190 1416 efficiatur2
1214 1376 1317 1430 quis
1343 1376 1572 1430 perfectus
1593 1384 1635 1418 et
1658 1389 1749 1417 non

219 1444 444 1499 indigebit
477 1444 584 1498 igne
608 1443 797 1498 purgari
829 1450 932 1497 post
964 1442 1081 1484 hanc
1108 1443 1264 1492 uitam,
1297 1457 1434 1498 quam
1466 1443 1676 1485 ardenter
1704 1443 1748 1483 in

221 1525 355 1554 carne
380 1512 646 1552 existentem
676 1510 800 1564 ignis
824 1510 971 1550 exurit
998 1509 1201 1563 Spiritus
1223 1509 1396 1553 Sancti.

278 1574 334 1617 Et
360 1583 511 1617 tamen
541 1577 623 1618 iste
652 1577 880 1631 perfectus
906 1592 1035 1619 amor
1061 1592 1152 1619 non
1182 1579 1289 1620 facit
1315 1586 1363 1620 ut
1393 1578 1531 1620 homo
1559 1579 1749 1620 omnino

219 1655 310 1684 non
331 1650 499 1696 peccet,
523 1644 602 1685 sed
627 1658 681 1685 ne
701 1645 889 1700 aliquod
912 1653 1146 1700 peccatum
1168 1646 1212 1686 in
1237 1646 1340 1699 ipso
1361 1646 1490 1687 duret
1510 1646 1633 1700 quod
1657 1659 1747 1686 non

217 1711 369 1752 statim
396 1712 503 1766 igne
521 1711 690 1753 amoris
713 1712 1004 1753 adnihiletur.
1057 1712 1184 1754 Talis
1206 1713 1389 1767 quidem
1412 1720 1588 1754 amator
1613 1712 1747 1753 Ihesu

219 1777 390 1819 Christi
426 1792 517 1819 non
553 1779 662 1819 dicit
692 1780 929 1820 oraciones
963 1793 1072 1820 suas
1107 1793 1232 1821 more
1262 1780 1456 1820 aliorum
1494 1779 1747 1825 hominum,

218 1846 360 1887 eciam
397 1846 634 1894 iustorum,
666 1846 773 1901 quia
808 1846 853 1886 in
888 1846 1168 1887 sublimitate
1204 1847 1371 1887 mentis
1403 1846 1582 1900 positus
1613 1853 1749 1900 atque

217 1927 371 1954 amore
408 1913 579 1954 Christi
612 1920 768 1966 raptus
813 1926 952 1965 supra
1001 1925 1049 1953 se
1099 1911 1346 1965 suscipitur
1396 1912 1441 1952 in
1494 1911 1748 1953 mirabilem

221 1982 558 2030 iocunditatem,
591 1988 633 2022 et
672 1981 825 2022 infuso
864 1981 909 2020 in
942 1993 990 2021 se
1026 1993 1142 2021 sono
1174 1979 1411 2027 diuinitus,
1463 1979 1611 2034 quasi
1643 1992 1747 2021 cum

214 2048 411 2104 quadam
444 2061 644 2102 pneuma
661 2048 678 2071 3
711 2060 893 2097 canens,
930 2059 1088 2100 preces
1114 2047 1390 2097 modulatur,
1420 2046 1561 2087 eciam
1588 2046 1646 2087 ab
1674 2059 1750 2086 ore

219 2117 416 2160 offerens
439 2118 484 2157 in
511 2117 706 2158 melodia
727 2117 784 2158 ab
806 2116 1023 2157 humanis
1044 2115 1257 2157 sensibus
1280 2122 1450 2156 secreta
1472 2114 1559 2156 sibi
1582 2121 1625 2155 et
1650 2113 1750 2154 Deo

220 2185 476 2238 perspicua.
543 2183 695 2238 Uigor
722 2184 844 2224 enim
879 2184 950 2224 uel
985 2182 1131 2223 uirtus
1159 2182 1413 2235 spiritualis
1445 2181 1489 2221 in
1525 2182 1627 2234 ipso
1660 2180 1748 2220 iam

222 2253 266 2292 in
288 2259 464 2292 tantum
489 2251 640 2293 carnis
661 2251 959 2305 grauedinem
985 2249 1232 2303 superauit,
1256 2257 1304 2290 ut
1326 2249 1472 2304 possit
1495 2249 1540 2289 in
1565 2247 1751 2290 Christo

219 2320 402 2362 assidue
441 2319 668 2369 delectari,
703 2319 833 2360 cuius
867 2331 955 2366 cor,
996 2318 1040 2357 in
1081 2317 1187 2372 igne
1239 2317 1408 2357 amoris
1459 2325 1748 2359 conuersum,

219 2399 469 2439 supernum
497 2385 772 2427 sensibiliter
793 2385 929 2426 sentit
954 2385 1164 2432 calorem,
1192 2391 1240 2424 ut
1263 2382 1631 2438 magnitudinem
1657 2388 1748 2421 tam

219 2453 421 2495 ardentis
444 2453 614 2494 amoris
644 2453 722 2493 uix
750 2452 943 2494 sufficiat
972 2452 1210 2502 sustinere,
1244 2464 1300 2492 ne
1326 2450 1635 2492 dissoluatur:
1670 2447 1749 2490 sed

221 2527 460 2562 conseruat
482 2519 664 2561 bonitas
692 2519 778 2560 Dei
806 2532 950 2574 usque
969 2519 1029 2559 ad
1055 2525 1238 2571 tempus
1261 2523 1495 2565 statutum,
1523 2516 1601 2571 qui
1626 2514 1749 2557 dedit

222 2588 285 2629 illi
329 2595 376 2629 ut
423 2594 600 2628 tantum
647 2594 830 2634 amaret,
859 2594 901 2627 et
932 2586 1151 2627 ueraciter
1177 2585 1297 2626 dicat
1328 2585 1499 2626 Amore
1532 2583 1747 2634 langueo.

290 2741 319 2771 l.
350 2739 398 2780 (9)
424 2736 627 2769 “exercia.⁷’
707 2737 740 2772 2.
775 2735 880 2767 Short
907 2735 1006 2766 texts
1033 2733 1248 2765 “efficitur.’‘
1303 2735 1333 2766 3.
1368 2732 1416 2774 (9)
1449 2728 1704 2772 “pneumate''
