1881 2985
496 216 639 253 LOVE
672 217 719 251 IS
754 217 787 250 A
824 217 993 252 UNION
1028 217 1095 251 OF
1128 219 1297 255 WILLS
1594 223 1657 257 261

796 325 903 367 CAP.
927 339 996 377 39.

137 395 228 450 (De
254 397 493 450 multiplici
515 397 720 439 amicicia
742 398 966 439 bonorum
993 405 1034 439 et
1054 398 1291 446 malorum,
1315 406 1357 439 et
1381 412 1439 439 an
1465 398 1656 440 dissolui

250 465 407 517 possit.
500 465 569 506 De
628 466 818 514 raritate,
878 473 919 506 et
973 466 1028 507 de
1082 467 1301 507 amiciciis
1357 467 1558 507 uirorum
1618 474 1660 506 et

252 531 508 571 mulierum.
575 531 644 572 De
667 545 772 572 uera
792 531 1010 582 amicicia,
1030 540 1071 573 et
1093 533 1324 586 quomodo
1347 533 1473 573 electi
1497 533 1541 573 in
1562 533 1660 585 ipsa

252 597 530 639 delectantur
565 599 609 639 in
645 600 732 647 uia,
766 607 807 641 et
839 599 894 640 de
928 599 1198 653 insipiencia
1247 600 1533 654 quorundam
1583 600 1660 654 qui

254 664 390 706 nimis
423 665 651 706 abstinent
682 667 753 706 uel
785 666 894 706 nudi
924 674 1045 716 sunt,
1083 674 1125 706 et
1157 666 1213 707 de
1239 667 1445 707 amicicia
1478 667 1660 714 carnali,

253 739 294 772 et
322 740 482 773 ornatu
511 733 711 774 uirorum
734 747 786 774 36
813 733 1091 787 mulierum.)

199 802 452 856 [Amicicia
475 805 489 829 1
517 813 582 846 est
607 805 831 847 connexio
844 805 1149 857 uoluntatum‚
1179 805 1349 846 eisdem
1373 805 1662 846 consencien-

140 872 260 913 cium
285 879 326 912 et
350 872 520 913 eisdem
542 872 832 919 dissencium‚
855 879 897 913 et
919 879 1066 926 potest
1091 885 1188 913 esse
1213 872 1295 913 hec
1317 871 1523 912 amicicia
1550 871 1664 910 inter

140 938 286 980 bonos
319 945 361 978 et
397 939 510 979 inter
545 938 700 987 malos,
732 939 810 979 sed
843 938 1081 979 affectibus
1115 938 1333 987 diuersis;
1377 944 1418 977 et
1469 936 1663 977 maxime

141 1006 322 1047 deberet
356 1019 453 1047 esse
489 1006 602 1046 inter
637 1006 785 1046 Deum
821 1014 861 1046 et
895 1005 1095 1046 animam
1131 1019 1217 1059 que
1251 1005 1407 1046 diuine
1439 1003 1661 1045 uoluntati

141 1071 422 1113 uoluntatem
454 1086 583 1113 suam
614 1079 790 1112 tenetur
824 1071 1108 1113 conformare
1143 1071 1187 1111 in
1223 1071 1462 1120 omnibus;
1493 1078 1540 1111 ut
1576 1083 1663 1124 que

144 1140 271 1182 Deus
299 1141 419 1188 uelit,
446 1141 554 1181 uelit
582 1148 623 1181 et
654 1141 776 1194 ipsa3
807 1154 893 1195 que
923 1140 1050 1181 Deus
1079 1139 1203 1190 nolit,
1234 1139 1346 1180 nolit
1374 1147 1415 1180 6(
1446 1139 1568 1192 ipsa3
1599 1138 1663 1179 sic

141 1207 325 1261 quidem
366 1206 502 1260 plena
541 1207 622 1247 erit
664 1207 778 1247 inter
809 1220 885 1247 eos
923 1206 1146 1247 amicicia.
1249 1205 1299 1245 In
1339 1205 1663 1246 affeccionibus

139 1282 289 1315 autem
326 1274 540 1316 humanis
574 1275 652 1316 ubi
692 1282 757 1315 est
797 1288 903 1315 uera
942 1274 1160 1322 amicicia,
1199 1274 1318 1314 absit
1358 1283 1405 1315 ut
1442 1273 1663 1314 distancia

138 1353 381 1392 corporum
426 1340 808 1392 separabilitatem
856 1339 989 1380 faciat
1034 1340 1305 1386 animorum,
1348 1339 1458 1391 quin
1504 1338 1663 1391 pocius

142 1405 384 1446 insolubile
409 1406 610 1446 uinclum
637 1406 891 1446 coherentis
915 1406 1117 1446 amicicie
1138 1405 1470 1446 desolacionem
1500 1405 1664 1444 releuet

140 1473 389 1526 corporalis
429 1473 648 1514 distancie
682 1480 723 1513 et
762 1473 936 1513 amicus
974 1486 1076 1513 curn
1115 1473 1263 1513 amico
1297 1485 1383 1513 suo
1433 1485 1480 1513 se
1533 1471 1663 1526 quasi
1684 1480 1708 1513 f.
1728 1482 1770 1513 53

135 1540 325 1580 existere
375 1539 565 1589 estimet,
619 1539 728 1579 dum
782 1538 1168 1579 indissolubilium
1218 1538 1504 1579 uoluntatum
1554 1551 1658 1578 con—

140 1606 360 1647 stanciam
396 1606 535 1647 uidet.
600 1606 680 1647 Est
713 1607 832 1646 enim
868 1619 972 1647 uere
998 1607 1232 1647 amicicia:
1275 1620 1376 1647 cuni
1411 1606 1586 1647 amicus
1617 1618 1665 1647 se

142 1672 277 1713 habet
308 1672 365 1713 ad
398 1673 594 1713 amicum
628 1673 743 1714 sicut
773 1673 831 1713 ad
865 1673 1083 1726 seipsum,
1117 1687 1218 1714 cum
1253 1674 1427 1714 amicus
1460 1673 1516 1714 sit
1547 1672 1664 1713 alius

143 1738 252 1792 ipse,
278 1746 319 1780 et
348 1739 498 1792 ipsum
523 1747 644 1779 amat
669 1748 852 1793 propter
881 1740 1045 1793 ipsum,
1078 1753 1167 1780 non
1197 1748 1381 1794 propter
1404 1740 1512 1780 utile
1542 1740 1664 1793 quod

142 1818 190 1846 se
210 1813 360 1858 sperat
381 1806 437 1846 ab
461 1819 513 1846 eo
535 1814 868 1859 percepturum.

200 1871 291 1913 Sed
316 1873 532 1927 queritur,
561 1873 599 1913 si
627 1874 737 1913 alter
762 1873 1011 1914 amicorum
1039 1880 1165 1921 erret,
1194 1881 1343 1914 utrum
1371 1873 1665 1915 dissoluenda

141 1941 199 1982 sit
227 1941 467 1981 amicicia?
529 1940 714 1994 quidam
753 1941 994 1982 uoluerunt
1032 1955 1121 1981 non
1154 1955 1251 1982 esse
1288 1941 1664 1995 perfectissimam

141 2007 393 2047 amiciciam
421 2007 507 2047 nisi
534 2007 646 2047 inter
671 2007 842 2048 similes
868 2008 1118 2048 secundum
1145 2008 1374 2049 uirtutem.
1438 2007 1529 2049 Sed
1556 2020 1665 2062 quo-

144 2073 279 2114 modo
312 2073 509 2127 perfecta
538 2074 622 2114 fuit
656 2088 742 2128 que
775 2075 965 2115 dissolui
1000 2075 1148 2128 potuit
1174 2082 1349 2116 errante
1383 2076 1502 2116 enim
1538 2075 1665 2115 uno?

146 2138 241 2179 Iam
278 2139 475 2192 perfecta
510 2153 600 2179 non
637 2147 715 2188 est,
746 2148 788 2180 et
821 2141 885 2181 sic
916 2141 1135 2194 paulatim
1173 2142 1315 2195 possit
1349 2141 1407 2182 ad
1445 2141 1664 2182 nichilum

143 2203 370 2250 deuenire,
399 2204 521 2257 quod
546 2211 611 2245 est
638 2212 792 2245 contra
820 2206 1043 2246 racionem
1073 2219 1177 2246 uere
1197 2207 1415 2256 amicicie,
1446 2220 1535 2261 qua
1563 2207 1665 2260 quis

143 2277 320 2310 amatur
349 2277 532 2323 propter
559 2270 776 2323 seipsum,
811 2285 900 2312 non
933 2280 1116 2325 propter
1147 2273 1254 2314 utile
1286 2274 1357 2313 uel
1385 2273 1662 2314 delectabile.

147 2335 199 2376 In
225 2336 383 2376 amicis
406 2336 632 2390 siquidem
662 2350 750 2377 non
779 2346 843 2378 est
872 2351 1052 2379 necesse
1081 2340 1243 2378 mutari
1270 2339 1459 2379 alterum
1482 2347 1666 2393 propter

144 2402 328 2443 alterius
365 2403 692 2453 mutacionem3
728 2405 806 2445 sed
841 2405 1045 2445 amicicia
1076 2418 1178 2445 cum
1215 2406 1272 2446 sit
1302 2407 1460 2454 uirtus,
1497 2407 1665 2459 impos-

144 2468 275 2509 sibile
302 2476 367 2508 est
396 2469 604 2509 euacuari
632 2469 676 2508 in
701 2470 856 2524 aliquo
882 2470 979 2511 sine
1001 2471 1097 2512 eius
1125 2472 1405 2520 mutacione3
1436 2485 1544 2526 ergo
1573 2484 1664 2511 non
1686 2479 1710 2512 f.
1730 2479 1794 2512 531»

144 2544 211 2576 est
231 2548 412 2576 necesse
433 2536 640 2576 euacuari
662 2544 845 2590 propter
865 2537 1050 2578 alterius
1069 2551 1289 2588 errorem;
1314 2539 1452 2579 immo
1471 2539 1509 2579 si
1532 2538 1665 2578 fuerit

138 2616 245 2644 uera
280 2603 500 2653 amicicia,
540 2603 689 2656 magis
719 2604 911 2644 sollicita
947 2604 1028 2643 erit
1061 2617 1270 2645 reuocare
1305 2612 1542 2655 errantem,
1582 2605 1664 2644 etsi

144 2677 370 2724 oporteret
404 2677 452 2710 ut
481 2670 685 2710 amicicia
718 2671 892 2711 dicatur
925 2684 1064 2720 amor,
1101 2684 1191 2725 quo
1223 2671 1321 2711 uult
1370 2677 1411 2711 et
1456 2676 1665 2724 procurat

206 2744 231 2775 1.
279 2741 355 2773 The
371 2741 520 2783 chapter
535 2740 661 2773 recalls
679 2740 829 2773 Cicero’s
845 2741 897 2773 De
914 2741 1089 2774 Amicitia
1105 2755 1113 2781 ;
1153 2741 1197 2774 cf.
1217 2742 1250 2776 J.
1269 2742 1307 2774 P.
1328 2741 1549 2775 Schneider's
1565 2741 1672 2774 Prose

139 2784 237 2827 Style
252 2784 297 2826 of
304 2784 466 2817 Richard
476 2784 587 2823 Rolle,
607 2795 639 2826 p.
659 2784 711 2819 76.
