1757 2990
86 167 131 201 24

86 442 114 478 f.
136 444 214 488 146.

84 614 111 650 f.
134 616 239 660 149b.

81 1472 106 1508 f.
132 1474 209 1518 156.

81 1815 107 1851 f.
131 1816 209 1851 160.

81 1873 108 1909 f.
131 1874 208 1919 165.

81 1997 236 2043 f.171b.

81 2236 108 2271 f.
131 2236 236 2271 180b.

531 160 754 195 OXFORD
796 160 1175 196 MANUSCRIPTS

281 273 491 310 Comment
511 286 564 310 on
583 276 648 311 the
670 275 871 310 Canticles
891 273 1059 308 follows.
1111 274 1212 310 Miss
1234 276 1287 309 H.
1310 275 1431 310 Allen
1448 275 1620 311 informs

279 340 343 365 me
375 331 465 365 that
499 331 568 366 the
600 331 699 376 only
732 331 847 366 other
879 331 1077 376 complete
1110 334 1219 369 texts
1252 343 1320 367 are
1356 335 1463 371 Trin.
1501 334 1619 375 coll„

275 388 444 430 Dublin,
469 389 580 429 MS.;
604 389 653 422 A.
679 388 713 422 6.
739 399 760 432 9
785 388 876 440 [No.
905 387 1002 440 153],
1032 389 1076 434 (t)
1103 388 1184 423 and
1211 389 1270 434 (l).

283 446 386 489 Quia
418 447 582 482 meliora
614 451 710 482 sunt
741 448 863 482 ubera
894 450 961 481 tua
994 447 1105 488 uino,
1135 448 1364 493 fragrancia
1394 449 1617 494 unguentis

281 501 458 545 optimis.
511 502 662 538 Fidelis
689 506 730 538 et
757 502 926 538 delicate
955 530 961 536 .
993 530 1000 536 .
1031 530 1038 537 .
1070 530 1077 537 .
1107 503 1209 538 Cum
1236 503 1442 539 laudasset
1467 513 1618 550 sponsa

278 643 285 650 .
317 643 323 650 .
355 643 362 650 .
394 643 400 650 .
429 616 480 651 ad
520 616 719 651 christum
759 616 1003 662 suspirando
1045 616 1252 652 clamans:
1303 617 1518 653 Osculetur
1557 628 1621 652 me

358 701 365 708 .
397 700 404 707 .
432 673 655 719 unguentis
690 674 870 719 optimis.
938 673 1121 719 Explicit
1153 677 1350 712 tractatus
1385 685 1507 721 super
1542 675 1621 721 pri-

274 741 387 765 mum
424 731 673 765 uersiculum
707 731 970 774 canticorum,
1008 733 1048 765 et
1084 730 1229 777 incipit
1265 734 1462 767 tractatus
1499 742 1622 778 super

279 787 502 823 secundum
537 782 798 823 uersiculum.
851 788 1062 833 Expulsus
1099 800 1121 824 a
1157 789 1346 835 paradiso
1381 801 1454 836 pro
1488 792 1618 825 trans-

279 845 485 890 gressione
514 873 521 880 .
553 873 560 880 .
592 873 598 879 .
631 873 638 879 .
667 846 700 881 Ο
736 845 856 891 uirgo
891 845 1127 891 singularis,
1166 847 1199 882 Ο
1234 850 1364 882 mater
1397 846 1617 883 ineffabilis

319 929 327 936 .
358 929 366 936 .
397 930 404 936 .
433 902 667 948 impinguat
691 902 943 948 diligentem,
968 903 1151 949 depascit
1174 903 1429 948 retinentem,
1456 903 1610 950 igitur:

279 960 424 995 Oleum
448 963 624 1005 effusum
646 972 794 997 nomen
819 965 948 1003 tuum,
974 965 1012 997 et
1035 963 1126 998 ideo
1148 963 1443 999 adolescentule
1468 963 1617 998 dilexe-

276 1022 372 1053 runt
403 1021 439 1053 te
470 1018 606 1053 nimi&

323 1075 479 1108 Nomen
508 1074 623 1109 ihesu
652 1074 765 1109 uenit
793 1074 837 1109 in
865 1075 1064 1109 mundum
1094 1102 1101 1108 .
1133 1102 1139 1109 .
1171 1102 1178 1108 .
1210 1102 1217 1109 .

322 1132 416 1167 Ideo
438 1133 733 1168 adolescentule
756 1133 987 1169 dilexerunt
1010 1137 1046 1169 te
1068 1134 1191 1169 nimis
1212 1135 1253 1167 et
1273 1132 1368 1179 quia
1387 1135 1450 1169 est
1469 1143 1617 1168 nomen

275 1190 394 1223 tuum
429 1191 513 1223 tam
549 1188 667 1224 dulce
701 1192 785 1224 tam
819 1199 946 1224 suaue
975 1217 982 1224 .
1013 1217 1021 1224 .
1052 1217 1059 1225 .
1091 1217 1098 1224 .
1127 1189 1255 1236 igitur
1291 1191 1324 1226 Ο
1360 1189 1463 1225 bone
1498 1190 1616 1226 ihesu

276 1245 482 1291 propicius
506 1249 592 1281 esto
615 1246 732 1282 nobis
756 1244 916 1281 miseris
941 1246 1036 1293 quia
1061 1247 1359 1282 adolescentule
1380 1247 1497 1282 d.t.n.

326 1303 451 1339 Trahe
475 1315 537 1339 me
561 1308 653 1349 post
678 1307 728 1339 te.
779 1304 915 1339 Radix
938 1304 1069 1339 cordis
1091 1304 1221 1340 nostri
1243 1304 1299 1340 sit
1321 1304 1469 1340 caritas
1497 1332 1504 1339 .
1534 1333 1540 1340 .
1570 1332 1577 1339 .

323 1360 539 1396 Curremus
573 1363 617 1397 in
651 1363 810 1397 odorem
843 1366 1147 1407 unguentorum
1182 1367 1356 1397 tuorum.
1408 1362 1511 1399 Ecce
1542 1361 1618 1396 fra-

272 1419 354 1454 tres
383 1417 485 1452 mira
513 1417 705 1452 amatoris
735 1417 876 1452 christi
906 1418 1107 1453 instancia
1137 1446 1144 1452 .
1176 1446 1182 1452 .
1215 1446 1221 1452 .
1253 1446 1260 1453 .

280 1502 287 1508 .
319 1502 326 1508 .
357 1501 364 1508 .
396 1502 403 1508 .
432 1475 501 1509 sed
523 1474 597 1510 hoc
619 1486 700 1509 non
722 1478 783 1510 est
803 1486 855 1510 ex
876 1486 940 1510 me
961 1475 1031 1510 sed
1050 1487 1104 1510 ex
1123 1478 1177 1519 te,
1199 1476 1299 1511 deus
1320 1487 1449 1520 meus,
1472 1476 1617 1512 amodo

270 1530 400 1576 igitur
434 1531 618 1567 canimus
655 1532 804 1567 amoris
839 1532 1055 1567 canticum.
1124 1534 1343 1568 Curremus
1376 1533 1420 1568 in
1454 1533 1618 1568 odorem

273 1591 576 1633 unguentorum
605 1592 780 1624 tuorum.
833 1589 1015 1635 Explicit
1042 1600 1165 1635 super
1191 1590 1414 1625 secundum
1441 1590 1618 1625 uersicu-

271 1645 358 1680 lum
387 1645 635 1681 canticorum
665 1646 887 1681 secundum
916 1646 1135 1682 Ricardum
1164 1647 1415 1682 heremitam.
1468 1647 1618 1693 Incipit

272 1705 469 1737 tractatus
502 1714 625 1748 super
655 1703 859 1749 psalmum
892 1703 1146 1739 uicesimum.
1199 1705 1302 1740 Cum
1335 1704 1515 1740 christus
1546 1704 1617 1750 qui

271 1762 331 1794 est
358 1759 509 1794 ueritas
539 1787 545 1794 .
577 1788 584 1794 .
616 1788 623 1794 .
655 1788 661 1795 .

275 1816 487 1852 Tractatus
517 1828 640 1864 super
666 1818 851 1853 oracione
879 1817 1094 1853 dominica.

276 1874 427 1920 Incipit
457 1875 621 1910 libellus
654 1875 836 1910 eiusdem
869 1875 919 1910 de
950 1875 1236 1911 emendacione
1268 1876 1501 1922 peccatoris.
1554 1878 1615 1912 Ne

274 1932 408 1967 tardes
439 1932 620 1968 conuerti
650 1932 701 1967 ad
730 1932 942 1967 dominum
970 1960 977 1967 .
1008 1960 1016 1967 .
1047 1960 1054 1967 .
1086 1960 1093 1967 .

272 1998 351 2034 Hic
377 1998 522 2044 incipit
547 1998 650 2034 liber
675 1999 723 2034 de
747 2010 881 2034 amore
905 1999 971 2034 dei
996 2002 1134 2035 contra
1161 2003 1359 2035 amatores
1384 2000 1541 2036 mundi.

321 2056 522 2099 Quoniam
556 2057 871 2091 mundaniorum
901 2084 907 2090 .
939 2084 946 2091 .
978 2084 985 2091 .

363 2140 370 2147 .
402 2140 409 2147 .
441 2141 448 2147 .
476 2114 642 2149 illabere
665 2114 768 2148 mihi
795 2114 839 2148 in
863 2117 934 2149 tua
960 2114 1173 2149 dulcedine
1198 2117 1238 2149 te
1263 2125 1420 2150 mecum
1445 2118 1487 2150 et
1510 2115 1613 2150 meis

274 2171 509 2205 commendo
536 2171 625 2206 sine
650 2171 742 2206 fine.
794 2173 938 2206 Amen.

276 2237 478 2282 (Without
499 2237 643 2283 incipit
664 2249 708 2272 or
729 2238 832 2281 title,
854 2241 1011 2284 except,
1035 2237 1078 2272 in
1099 2249 1122 2273 a
1143 2238 1245 2273 later
1265 2238 1375 2274 hand
1395 2251 1402 2274 :
1433 2238 1614 2285 “Incipit

272 2293 454 2329 eiusdem
499 2295 676 2330 Melodia
719 2295 929 2341 amoris'').
981 2295 1224 2330 Admirabar
1267 2296 1445 2342 amplius
1490 2306 1613 2342 quam

275 2352 447 2386 enuncio
475 2379 482 2385 .
514 2379 521 2386 .
553 2379 560 2386 .
591 2379 598 2386 .
631 2352 714 2397 (the
743 2353 841 2398 long
869 2355 958 2388 text
985 2353 1025 2387 oi
1053 2353 1123 2388 the
1153 2355 1392 2390 Incendium
1422 2354 1606 2390 follows:

275 2409 388 2443 there
413 2420 479 2444 are
504 2420 557 2444 no
582 2409 976 2456 chapter-headings‚
1003 2410 1076 2446 but
1100 2421 1240 2456 spaces
1266 2421 1373 2446 seem
1399 2411 1485 2455 left,
1511 2421 1558 2447 as
1582 2411 1614 2446 if

275 2465 336 2500 for
358 2466 484 2501 these.
535 2466 620 2501 The
642 2467 829 2512 chapters
853 2478 920 2502 are
944 2471 1015 2502 not
1038 2468 1258 2504 numbered
1278 2481 1285 2503 :
1315 2469 1388 2504 but
1410 2469 1480 2504 the
1502 2469 1614 2504 hand

275 2523 408 2558 which
439 2526 561 2559 wrote
590 2524 659 2559 the
688 2525 779 2559 title
809 2525 883 2560 has
913 2525 1041 2560 added
1072 2525 1115 2559 in
1145 2525 1215 2560 the
1243 2526 1418 2572 margin,
1449 2526 1614 2572 against

273 2580 440 2626 chapter
470 2592 538 2625 13:
578 2581 771 2626 “Incipit
800 2582 980 2617 eiusdem
1013 2583 1321 2618 Commendacio
1349 2583 1434 2619 uite
1463 2583 1615 2621 Eremi-

273 2637 351 2673 tice
371 2639 418 2680 '';
451 2638 531 2673 and
563 2638 725 2683 against
754 2639 921 2684 chapter
954 2650 994 2684 15
1031 2640 1154 2684 (Dum
1185 2639 1402 2675 infeliciter
1433 2641 1615 2676 florerem

313 2723 320 2730 .
351 2722 358 2730 .
390 2696 414 2741 .)
469 2696 492 2711 “
514 2695 662 2741 Incipit
687 2698 883 2731 tractatus
908 2697 958 2731 de
981 2696 1169 2732 incendio
1191 2698 1401 2744 amoris.'’)
