1881 2985
185 183 252 228 236
317 184 681 220 INSTRUCTION
718 185 791 220 ΟΝ
826 185 938 222 THE
973 185 1434 224 CONTEMPLATIVE
1468 188 1592 226 LIFE

185 301 435 342 amandum
491 301 757 343 mirabiliter
811 301 1092 352 incendetur,
1149 302 1334 344 incensa
1386 303 1718 356 iocundabitur,

188 368 384 410 iocunda
416 368 461 408 in
494 368 635 409 uitam
666 367 1068 421 contemplatiuam
1100 367 1365 409 eleuabitur.
1431 368 1536 410 Exit
1565 376 1717 410 autem

188 435 233 475 in
269 435 387 476 hanc
412 436 730 476 excellenciam
761 435 944 475 animus
975 434 1085 475 dum
1118 447 1198 488 per
1230 448 1465 476 excessum
1499 434 1650 476 euolat
1676 441 1719 475 et

187 515 327 555 supra
360 515 407 543 se
445 503 629 556 rapitur,
666 509 707 542 et
737 502 872 543 oculo
904 502 1090 542 mentali
1124 509 1332 556 apertum
1368 501 1514 544 celum
1549 508 1719 544 secreta

187 568 316 610 offert
344 569 580 614 intuenda.

246 634 453 676 Primum
485 636 669 691 quidem
698 643 874 689 oportet
904 636 1054 690 ipsum
1079 637 1273 678 exerceri
1303 637 1487 678 assidue
1516 650 1596 692 per
1627 650 1718 678 non

187 717 360 756 paucos
389 717 538 745 annos
569 704 614 744 in
642 703 818 745 orando
847 710 890 744 et
923 703 1200 752 meditando,
1233 704 1486 745 necessaria
1516 704 1722 758 corporis

78 777 103 810 f.
123 779 164 813 87
188 770 265 811 uix
285 771 532 824 carpendo.
598 770 665 811 Ita
684 771 728 810 in
750 770 839 812 hiis
858 771 1140 825 exequendis
1155 771 1322 812 ardens
1340 771 1513 819 existet,
1533 777 1575 811 et
1593 769 1720 811 omni

187 837 486 879 simulacione
541 838 693 885 eiecta,
740 838 798 879 ad
849 837 1061 879 diuinum
1114 851 1315 879 amorem
1371 838 1444 879 die
1500 844 1721 891 nocteque

189 905 471 959 querendum
502 912 544 946 et
576 905 872 946 senciendum
906 919 998 946 non
1026 913 1237 960 torperet.
1331 905 1400 946 Ex
1431 905 1537 947 hinc
1569 906 1721 959 itaque

178 971 473 1025 omnipotens
505 980 695 1022 amator,
735 978 963 1013 amantem
995 986 1130 1014 suum
1165 972 1379 1015 animans
1407 973 1465 1014 ad
1498 986 1717 1024 amorem,

188 1039 406 1093 suscipiet
456 1053 559 1081 eum
612 1040 657 1080 in
707 1040 904 1081 sublime
953 1053 1093 1093 supra
1139 1041 1394 1096 terrigenas
1420 1049 1462 1082 et
1497 1041 1722 1082 tumultus

187 1108 462 1149 uiciosarum
486 1122 538 1149 ac
559 1121 782 1149 uanarum
806 1108 1159 1162 cogitacionum,
1180 1116 1228 1149 ut
1252 1121 1543 1163 nequaquam
1567 1121 1721 1150 musca

178 1177 423 1218 morientes
462 1175 735 1217 suauitatem
780 1175 971 1232 perdant
1009 1174 1274 1228 unguent-i‚1
1320 1176 1538 1230 quoniam
1587 1175 1720 1230 plene

189 1252 364 1286 mortue
413 1251 708 1286 euanescunt.
793 1244 850 1285 Et
899 1244 1116 1298 deinceps
1164 1244 1362 1298 denique
1411 1243 1638 1285 dulcescet
1682 1243 1722 1284 ei

187 1312 389 1360 dileccio,
411 1312 571 1353 diuina
592 1311 834 1353 dulcedine
857 1325 1039 1366 quoque
1062 1311 1388 1353 delicatissima
1410 1310 1722 1358 inebriabitur,

189 1379 369 1434 melque
399 1379 725 1433 premirificum
760 1379 1039 1433 degustabit,
1077 1386 1125 1419 ut
1160 1379 1205 1419 in
1236 1379 1392 1432 seipso
1425 1391 1516 1419 non
1550 1377 1722 1419 senciat

189 1446 276 1486 nisi
295 1445 515 1487 solacium
535 1446 714 1499 saporis
734 1446 875 1487 infusi
891 1446 1070 1496 celicus,
1091 1453 1133 1487 et
1153 1446 1340 1501 signum
1360 1458 1538 1487 summe
1557 1443 1722 1488 sancti-

180 1512 302 1553 tatis.
367 1512 542 1553 Uerum
585 1512 671 1554 hoc
710 1513 894 1554 dulcore
933 1513 1166 1554 delibutus
1203 1513 1345 1554 eciam
1387 1512 1582 1566 uigilare
1615 1524 1721 1552 con-

178 1581 329 1622 abitur
350 1580 603 1634 t—Utpote
661 1581 738 1635 qui
799 1581 960 1621 ardore
1019 1581 1189 1622 amoris
1246 1581 1387 1621 eterni
1449 1579 1623 1621 realiter
1678 1586 1720 1620 et

182 1650 458 1692 sensibiliter
499 1663 576 1691 cor
612 1663 746 1690 suum
791 1649 966 1690 urens2
1007 1649 1142 1689 sentit
1187 1661 1267 1690 nec
1309 1648 1494 1703 quidem
1531 1646 1722 1689 discedit

184 1726 381 1760 mentem
428 1718 652 1759 mellifluo
688 1718 944 1758 illustrante
983 1715 1210 1766 misterio;
1259 1713 1634 1770 quandoquidem
1679 1718 1721 1752 et

185 1788 263 1828 alii
291 1787 369 1843 qui
397 1800 488 1828 non
513 1786 748 1841 inequales
773 1785 837 1826 illi
860 1785 1204 1833 estimabantur,
1232 1798 1312 1838 per
1335 1782 1719 1838 imaginacionem

187 1859 365 1894 tantum
391 1853 560 1895 habent
582 1854 810 1895 ardorem.
874 1852 1185 1908 Quamobrem
1211 1852 1289 1907 qui
1311 1865 1401 1892 non
1429 1851 1617 1892 ueritate
1642 1849 1721 1891 sed

182 1918 227 1957 in
259 1918 421 1959 umbra
449 1917 707 1968 existentes,
742 1918 889 1958 uocati
916 1917 974 1958 ad
1005 1917 1196 1969 nupcias
1223 1915 1419 1970 priorem
1453 1914 1602 1955 locum
1632 1912 1720 1954 sibi

189 1983 371 2038 indigni
402 1996 624 2036 usurpare
654 1996 744 2023 non
776 1989 1004 2033 ueremur,
1036 1982 1081 2022 in
1114 1982 1234 2023 iusto
1266 1981 1481 2021 nimirum
1513 1978 1721 2021 examine

188 2050 464 2092 descendent
500 2064 602 2092 cum
633 2050 809 2098 rubore,
841 2056 883 2091 et
917 2049 1213 2103 posteriorem
1249 2047 1403 2089 sedem
1433 2045 1720 2088 obtinebunt,

190 2116 260 2158 De
288 2117 379 2158 hiis
408 2117 529 2158 enim
560 2118 755 2158 dicitur:
798 2116 973 2159 Cadent
1004 2132 1030 2158 a
1061 2116 1195 2157 latere
1227 2120 1302 2157 tuo
1335 2115 1457 2156 mille
1492 2120 1534 2157 et
1566 2114 1722 2154 decem

187 2183 331 2226 millia
359 2199 385 2225 a
413 2185 577 2226 dextris
606 2183 731 2226 tuiS.3
795 2184 887 2226 Sed
912 2184 1087 2225 utinam
1116 2183 1294 2236 seipsos
1317 2187 1645 2236 cognoscerent
1671 2192 1724 2221 ac

189 2254 399 2308 proprias
433 2252 743 2294 consciencias
780 2252 1122 2306 inuestigarent,
1155 2249 1515 2305 (presumptuosi
1553 2261 1722 2302 nequa-

189 2334 327 2375 quam
361 2320 634 2372 existerent,)
670 2332 817 2374 neque
847 2319 1040 2359 aliorum
1074 2318 1245 2358 meritis
1292 2331 1339 2358 se
1386 2323 1718 2370 comparantes,

190 2387 456 2428 melioribus
491 2386 775 2428 insultarent.
872 2386 1074 2427 Dilector
1106 2385 1333 2439 siquidem
1364 2384 1558 2434 deitatis,
1590 2382 1722 2424 cuius

184 2454 400 2495 interiora
427 2453 663 2508 precordia
689 2467 843 2493 amore
876 2451 1124 2493 inuisibilis
1154 2451 1320 2505 speciei
1352 2450 1562 2492 funditus
1593 2460 1723 2504 pene-

189 2530 379 2570 trantur,
416 2522 493 2577 qui
522 2529 564 2562 et
597 2521 822 2562 medullas
870 2521 1109 2562 uniuersas
1159 2520 1309 2561 anime
1358 2532 1438 2560 sue
1488 2516 1722 2558 letificatas

191 2589 340 2638 habet,
363 2589 533 2644 gaudet
555 2588 732 2629 feruore
751 2588 1049 2629 amenissimo
1067 2587 1174 2642 quia
1195 2595 1235 2627 et
1256 2585 1497 2628 deuocioni
1520 2584 1617 2638 iugi
1639 2595 1724 2638 pro

194 2655 295 2696 Deo
316 2669 363 2697 se
388 2656 596 2699 donauit.
656 2654 891 2696 Continuo
917 2668 1019 2696 curn
1047 2652 1241 2694 uoluerit
1267 2651 1493 2700 Christus,
1518 2664 1609 2692 non
1637 2661 1723 2691 suo

250 2731 278 2761 1.
312 2731 554 2772 Ecclesiastes,
580 2733 630 2773 10,
655 2733 682 2762 1.
721 2732 752 2763 2.
772 2731 819 2764 So
836 2733 884 2774 (9)
900 2730 1006 2763 alone
1020 2742 1029 2769 3
1045 2729 1150 2763 other
1165 2729 1270 2765 MSS.
1289 2729 1382 2762 have
1397 2729 1541 2762 various
1553 2728 1725 2762 confused

184 2776 362 2818 readings.
431 2777 458 2810 3.
476 2776 611 2809 Psalm.
625 2776 678 2814 90,
698 2774 729 2809 7.
