1881 2985
535 202 646 239 THE
676 203 936 239 SICKNESS
970 203 1037 238 OF
1068 203 1179 240 THE
1209 204 1346 241 SOUL
1637 219 1702 252 247

181 329 271 357 non
297 318 466 371 pateris
491 326 695 360 amantes
725 319 840 360 ultra
874 319 1060 360 modum
1087 320 1266 361 absumi
1301 321 1345 361 in
1377 322 1626 374 algoribus,
1656 331 1698 364 et

180 384 425 438 mitigares,
460 392 508 425 ut
542 386 714 433 estimo,
750 386 956 427 miserias
988 400 1112 428 meas
1145 394 1187 427 et
1222 388 1456 442 langorem
1494 402 1643 429 meum
1672 402 1699 425 a

179 448 291 489 facie
310 457 385 490 tua
404 463 494 491 non
514 458 753 493 auerteres.
791 452 985 493 Dolores
999 453 1170 507 quippe
1190 461 1232 494 et
1250 454 1428 495 miserie
1448 455 1493 494 in
1512 467 1699 507 corpore

178 516 450 556 consistunt.
528 517 714 571 Langor
763 532 870 559 uero
919 518 963 558 in
1013 519 1167 560 anima
1223 527 1496 572 perseuerat,
1555 520 1699 561 donec

176 581 357 623 dederis
380 584 503 637 quod
528 591 653 625 tanto
677 585 837 625 ardore
862 585 1132 636 desideraui,
1158 586 1288 627 cuius
1312 599 1465 627 amore
1489 590 1700 629 emarcuit

177 662 283 690 caro
323 663 422 691 mea
464 658 599 705 atque
644 652 776 692 uiluit
818 652 932 694 inter
976 660 1194 695 uenustos
1238 654 1377 696 huius
1431 655 1538 696 uite.
1630 655 1699 696 Ex

180 715 415 770 ipsiusque
444 718 686 759 influencia
712 719 888 774 languit
915 720 1069 760 anima
1101 734 1201 761 mea
1230 729 1277 761 ut
1308 729 1349 762 te
1381 722 1533 763 uideat
1564 736 1697 777 quem

177 783 352 835 optauit
387 784 606 832 ardenter,
644 793 685 825 et
723 785 767 824 in
805 786 893 827 illis
928 786 1114 828 sedibus
1150 795 1422 829 secretorum
1458 789 1697 830 celescium

175 849 418 900 assisteret,
462 851 799 905 quiesceretque
840 865 942 893 curn
983 853 1194 894 societate
1232 868 1368 908 quam
1409 856 1696 908 concupiuit3

178 916 331 970 ibique
372 925 487 958 esset
528 926 776 972 assumpta,
819 919 896 960 ubi
939 920 1052 960 inter
1094 922 1386 975 ympnidicos
1426 924 1618 977 angelos
1657 930 1699 963 te

177 983 372 1035 perfecte
396 983 494 1024 sine
516 984 605 1026 fine
630 985 867 1026 frueretur.
932 986 1047 1028 Ecce
1072 988 1193 1029 enim
1220 989 1432 1030 interiora
1455 1004 1554 1031 mea
1573 989 1698 1031 effer-

179 1048 384 1097 buerunt,
437 1057 479 1090 et
530 1065 690 1092 cauma
740 1053 938 1094 caritatis
990 1055 1273 1107 consumpsit
1327 1056 1699 1109 coagulacionem

177 1118 328 1158 cordis
348 1118 449 1168 mei,
475 1132 610 1172 quarn
633 1119 771 1166 odiui,
795 1128 835 1159 et
851 1120 1001 1160 delent
1021 1120 1262 1174 lugubrem
1283 1122 1481 1163 leticium
1505 1123 1699 1163 immun-

177 1183 284 1224 dare
328 1185 543 1236 amicicie,
591 1186 989 1240 cogitacionesque
1034 1201 1120 1242 que
1166 1188 1316 1241 inepte
1357 1196 1496 1238 erant,
1542 1199 1584 1231 et
1622 1191 1698 1232 ab·

178 1251 481 1293 hominabiles
513 1253 653 1293 eciam
685 1254 742 1294 ad
779 1254 1113 1307 inspiciendum
1143 1255 1400 1309 extirpauit,
1431 1264 1473 1296 et
1504 1257 1568 1297 sic
1600 1256 1698 1297 sine

176 1318 473 1360 simulacione
520 1322 725 1360 exurrexi
773 1322 830 1362 ad
880 1323 1127 1363 amandum
1177 1323 1395 1370 ordinate,
1445 1324 1521 1378 qui
1571 1323 1698 1378 prius

176 1385 372 1426 dormiui
402 1386 448 1426 in
473 1386 667 1428 diuersis
696 1388 842 1429 deuiis
872 1402 1072 1428 errorum
1102 1403 1318 1438 meorum,
1345 1391 1698 1431 obscuritatibus

178 1450 425 1499 inuolutus,
500 1452 653 1506 ibique
725 1453 1050 1494 delectabiliter
1112 1455 1278 1495 sentiui
1346 1456 1695 1498 delectacionem

175 1518 441 1560 deuocionis
463 1521 750 1571 suauissime‚
777 1521 854 1561 ubi
878 1535 948 1562 me
971 1521 1104 1563 doleo
1127 1523 1276 1577 magis
1299 1523 1560 1577 deliquisse.

226 1587 409 1638 Audite,
441 1587 644 1638 obsecro,
679 1589 813 1629 amici
847 1589 949 1639 mei,
988 1602 1122 1630 nemo
1150 1603 1234 1630 uos
1265 1590 1466 1631 seducat.
1531 1589 1628 1632 Hec
1657 1598 1698 1630 et

174 1654 437 1695 huiusmodi
478 1655 679 1708 alloquia
718 1655 763 1694 in
800 1662 1045 1708 conspectu
1089 1656 1301 1697 creatoris
1343 1663 1603 1697 eructantur
1645 1668 1698 1694 ex

176 1721 387 1762 incendio
416 1722 597 1769 amoris,
629 1729 670 1762 et
701 1736 792 1762 non
822 1723 957 1763 audet
986 1722 1153 1777 aliquis
1183 1723 1361 1764 alienus
1386 1724 1443 1764 ab
1477 1723 1698 1763 immensa

172 1787 420 1828 dileccione
438 1789 544 1828 talia
562 1796 762 1837 tractare,
774 1789 851 1843 qui
870 1789 1021 1830 adhuc
1040 1790 1342 1843 temptacione
1361 1791 1697 1844 cogitacionum

174 1868 395 1895 uanarum
431 1862 473 1895 et
509 1855 738 1896 inutilium
770 1856 1060 1910 inquietatur,
1096 1856 1173 1910 qui
1211 1863 1406 1896 mentem
1444 1856 1610 1910 iugiter
1639 1855 1696 1896 ad

167 1918 402 1960 Christum
422 1920 520 1961 sine
539 1920 900 1961 contradiccione
923 1934 1013 1961 non
1034 1921 1167 1961 habet
1189 1921 1422 1971 intentam,
1446 1929 1522 1960 aut
1542 1920 1696 1972 aliquo
1716 1924 1740 1957 f.
1760 1921 1824 1957 50b

175 1988 312 2028 modo
336 1987 580 2028 affectuose
608 1995 794 2042 urgetur
818 1988 935 2029 circa
961 1995 1223 2036 creaturam,
1253 1996 1301 2028 ut
1325 1987 1520 2028 totaliter
1546 1993 1696 2027 motus

176 2055 326 2096 cordis
351 2068 441 2095 non
463 2062 660 2095 transeat
683 2055 727 2094 in
751 2055 913 2104 Deum,
941 2054 1047 2109 quia
1073 2054 1265 2109 ligatum
1289 2068 1337 2095 se
1360 2054 1495 2095 sentit
1517 2051 1697 2093 affectui

175 2129 366 2162 terreno.
433 2122 582 2162 Immo
611 2122 835 2163 excellens
865 2130 931 2163 est
965 2123 1010 2162 in
1043 2122 1241 2172 caritate,
1273 2121 1403 2162 cuius
1433 2135 1512 2163 cor
1540 2120 1696 2161 huius-

176 2189 300 2229 modi
333 2189 503 2230 amoris
534 2190 734 2230 carmina
766 2190 1036 2237 decantauit,
1070 2197 1112 2230 et
1144 2190 1396 2231 absconsus
1429 2190 1474 2229 in
1510 2189 1697 2230 internis

175 2256 324 2309 epulis
356 2256 600 2297 exteriores
632 2256 835 2297 insanias
862 2270 952 2297 non
985 2256 1192 2310 respexit.
1256 2256 1400 2297 Porro
1432 2255 1697 2296 mirabiliter

176 2322 376 2363 delectus
401 2322 446 2362 in
472 2322 709 2363 desideriis
735 2323 899 2363 eternis
946 2323 1080 2377 erigit
1105 2336 1152 2364 se
1180 2323 1435 2376 suspiciens
1463 2322 1508 2362 in
1536 2321 1696 2367 celum,

176 2389 297 2430 unde
327 2397 511 2431 estuans
539 2390 803 2431 dulcissima
833 2391 1094 2442 dileccione‚
1128 2391 1375 2431 inebriatur
1402 2390 1698 2431 amenissimo

178 2456 341 2498 haustu
378 2457 563 2510 superni
605 2465 791 2505 meatus,
826 2465 868 2498 et
900 2458 1077 2499 obsitus
1116 2458 1331 2512 undique,
1375 2458 1516 2498 immo
1554 2465 1696 2497 trans-

178 2524 413 2575 formatus,
438 2524 678 2566 ardoribus
696 2526 844 2566 future
864 2526 1103 2573 felicitatis,
1124 2534 1171 2567 ut
1193 2539 1352 2567 omnes
1373 2525 1698 2578 temptaciones

177 2591 340 2632 euadat
390 2591 435 2630 in
488 2604 703 2631 cacumen
757 2591 1108 2645 contemplatiue
1162 2593 1252 2633 uite
1305 2591 1593 2633 constituitur
1645 2604 1697 2631 ac

174 2657 391 2710 deinceps
412 2657 687 2698 continuans
708 2671 920 2699 canorem
942 2659 987 2698 in
1011 2658 1142 2699 laude
1166 2659 1338 2700 Christi
1361 2659 1650 2714 gloriatur.1]

237 2762 265 2791 1.
294 2760 459 2801 Newton,
481 2761 505 2791 f.
527 2761 603 2802 50b,
621 2761 639 2774 ‘⁴
655 2760 767 2800 Quere
787 2761 884 2801 alibi,
905 2772 979 2802 cap.
1006 2763 1155 2795 xxxvi.''
