1881 2985
383 180 511 215 HOW
540 181 557 214 Ι
588 179 738 215 CAME
764 177 832 212 To
860 175 971 212 THE
999 174 1126 210 FIRE
1154 172 1221 208 OF
1248 173 1392 209 LOVE
1586 181 1647 214 191

124 297 418 344 consciencie,
446 297 491 336 in
520 296 672 336 anima
699 293 883 335 ardente
912 298 1065 332 eterno
1094 303 1259 337 amore,
1289 288 1397 329 dum
1424 294 1546 328 amat
1575 287 1587 310 ¹
1613 294 1656 327 et

128 372 273 407 estuat
301 363 510 404 incendio
533 362 729 409 sedente,
755 366 904 401 mente
925 364 1109 404 mutata,
1134 355 1280 397 calore
1303 362 1454 396 autem
1481 355 1653 396 calente

128 430 353 473 desiderio
383 430 673 470 uehementer
702 427 904 469 dilatato.
970 423 1027 464 Et
1057 436 1164 464 uera
1195 429 1414 463 uenustas
1442 420 1653 462 amabilis

130 497 312 539 uirtutis
338 497 463 550 uiget
493 496 591 537 sine
622 495 742 536 uicio
771 495 816 534 in
846 498 1090 545 conspectu
1123 489 1363 537 Creatoris,
1390 489 1455 531 sic
1485 486 1657 528 iubilus

129 578 177 605 se
216 565 442 618 ingerens,
480 575 582 604 cum
619 573 781 603 canore
821 558 1018 601 iocundo
1056 557 1237 598 letificat
1278 557 1571 609 languentem
1614 562 1656 594 et

132 630 299 672 releuat
335 630 526 671 labores.
592 628 772 669 Multa2
807 634 913 669 sunt
948 638 1136 666 munera
1169 623 1360 665 mirifica
1391 635 1444 662 ac
1474 631 1657 674 magna,

130 698 209 740 sed
234 697 359 738 nulla
376 704 483 739 sunt
504 697 610 737 talia
633 693 764 736 inter3
780 694 852 735 uie
872 693 994 734 dona
1014 705 1101 746 que
1124 698 1215 731 tam
1242 703 1336 730 rare
1356 688 1373 712 4
1401 688 1662 729 confirmant

133 779 261 819 spem
290 765 439 818 specie
471 762 716 803 inuisibilis
747 762 838 802 uite
869 761 914 800 in
947 759 1104 799 animo
1135 765 1328 805 amante,
1362 764 1440 797 aut
1474 769 1562 811 que
1595 755 1659 796 sic

134 831 334 873 suauiter
381 830 611 871 sedentem
660 828 953 870 consolantur
1004 832 1046 866 et
1100 825 1282 878 rapiunt
1331 823 1389 864 ad
1441 834 1658 864 cacumen

135 897 552 952 contemplacionis,
604 895 676 936 uel
726 894 783 935 ad
833 893 1186 935 consonanciam
1237 890 1443 945 angelice
1494 888 1657 930 laudis.

137 965 250 1006 Ecce
273 964 446 1014 fratres,
473 963 652 1003 narraui
673 960 805 1002 uobis
842 960 1066 1014 quomodo
1120 959 1304 1013 perueni
1325 958 1383 999 ad
1404 955 1664 998 incendium

138 1033 336 1075 amoris:
373 1046 463 1073 non
498 1040 546 1072 ut
579 1044 649 1071 me
683 1030 877 1071 laudetis
908 1028 987 1070 sed
1019 1028 1169 1068 Deum
1201 1040 1352 1068 meum
1387 1023 1663 1081 glorificetis,

139 1115 165 1140 a
197 1114 288 1155 quo
317 1100 469 1153 accepi
504 1098 721 1153 quicquid
754 1098 926 1138 bonum
954 1095 1107 1142 habui,
1137 1102 1185 1135 ut
1212 1102 1253 1135 et
1285 1107 1380 1141 uos,
1412 1092 1665 1147 cogitantes

140 1166 301 1222 quod5
346 1174 506 1207 cuncta
550 1164 635 1206 sub
681 1164 775 1205 sole
818 1163 1010 1209 uanitas,
1052 1161 1109 1203 ad
1156 1160 1427 1202 imitandum
1476 1172 1566 1200 non
1610 1157 1668 1199 ad

141 1234 470 1276 detrahendum
504 1231 812 1284 incitemini]6

798 1397 908 1439 CAP.
950 1398 1012 1438 16.

144 1514 329 1568 (Oracio
357 1513 573 1568 pauperis
596 1519 638 1553 et
668 1512 879 1562 amantis,
913 1517 955 1551 et
982 1510 1096 1551 mori
1122 1509 1350 1563 cupientis,
1384 1517 1425 1550 et
1453 1509 1509 1550 de
1540 1506 1673 1548 laude

697 1580 896 1622 caritatis
927 1578 1120 1632 diuine.)

209 1665 415 1706 Deuotus
448 1677 621 1718 pauper
655 1677 758 1704 cum
793 1662 979 1717 angitur
1008 1675 1087 1716 pre
1121 1660 1312 1708 defectu,
1342 1660 1381 1702 si
1409 1659 1518 1700 uelit
1549 1671 1675 1700 orare
1699 1666 1723 1698 f.
1741 1666 1781 1699 76

152 1738 299 1787 potest
341 1738 382 1772 et
421 1731 597 1771 dicere:
653 1730 902 1771 “Domine
944 1729 1071 1769 Deus
1116 1741 1256 1776 meus,
1301 1727 1436 1768 Ihesu
1483 1725 1677 1772 Christe,

154 1799 362 1840 miserere
412 1798 499 1839 mei
545 1804 587 1838 et
638 1797 859 1850 inspicere
907 1795 1112 1850 digneris
1162 1807 1301 1850 grave
1351 1795 1511 1846 iugum
1556 1791 1678 1847 quod

155 1866 419 1919 impositum
449 1872 514 1906 est
538 1877 675 1918 super
702 1878 867 1918 corpus
894 1877 1058 1910 meum,
1087 1863 1208 1903 unde
1235 1869 1277 1902 et
1303 1862 1504 1902 animam
1534 1872 1679 1900 meam

158 1933 408 1986 deprimere
436 1946 526 1972 non
552 1932 713 1972 tardat.
778 1930 955 1972 Defecit
981 1931 1102 1970 enim
1125 1943 1229 1971 caro
1256 1942 1356 1969 mea
1377 1929 1421 1969 in
1449 1926 1685 1980 erumpnis

158 2000 294 2040 huius
332 2000 436 2047 uite,
474 2006 657 2053 propter
696 1998 818 2053 quod
856 1998 1002 2038 uirtus
1040 1997 1181 2038 eciam
1220 1995 1470 2050 spiritualis
1505 1994 1684 2048 cogitur

161 2067 359 2121 fatigari.
422 2065 559 2120 Quod
579 2066 700 2106 enim
720 2066 775 2106 de
800 2065 885 2107 hoc
906 2064 1080 2105 mundo
1101 2071 1143 2104 et
1164 2064 1208 2103 in
1232 2063 1318 2105 hoc
1336 2062 1510 2103 mundo
1531 2059 1683 2110 habui,

161 2139 304 2172 totum
331 2133 594 2185 consumpsi
617 2139 659 2172 et
684 2132 797 2172 nihil
822 2138 1039 2184 superest,
1065 2131 1152 2171 nisi
1178 2138 1226 2171 ut
1250 2130 1309 2171 ad
1331 2129 1456 2170 aliud
1481 2128 1681 2170 seculum

160 2199 360 2239 animam
393 2212 537 2239 meam
572 2199 793 2252 perducas
831 2198 979 2252 [ubi7
1010 2205 1076 2239 est
1105 2197 1348 2238 thesaurus
1372 2209 1500 2237 meus
1525 2194 1690 2249 precio-

227 2312 255 2341 1.
279 2308 348 2340 Sic.
395 2308 497 2340 Rolle
522 2308 551 2340 is
576 2308 651 2340 still
674 2309 885 2350 apparently
910 2309 1085 2349 referring
1111 2314 1147 2340 to
1172 2308 1326 2340 himself.

224 2354 254 2384 2.
286 2351 323 2393 (l)
351 2351 535 2382 “multis'’
600 2354 628 2385 3,
669 2353 707 2394 (l)
735 2351 898 2383 “intra.''
959 2355 987 2385 4.
1022 2352 1060 2393 (ἶ)
1089 2351 1235 2383 “care”

192 2438 197 2442 .
224 2398 255 2442 5ἴ
286 2395 323 2436 (ἰ)
345 2394 433 2426 adds
451 2405 471 2426 a
490 2396 557 2426 few
575 2397 754 2427 sentences
774 2395 867 2435 here,
889 2394 1058 2436 applying
1074 2394 1136 2426 the
1154 2405 1302 2436 passage
1318 2393 1487 2436 specially
1506 2396 1543 2426 to
1565 2393 1689 2432 saints,

164 2448 311 2478 vrrgms,
336 2440 501 2479 martyrs,
524 2438 673 2471 doctors.

235 2484 263 2515 6.
303 2481 361 2523 (j),
400 2480 425 2513 f.
488 2483 548 2514 le
579 2481 762 2513 continues
795 2481 883 2513 with
908 2493 929 2514 a
958 2491 1105 2522 passage
1142 2481 1233 2513 from
1263 2481 1484 2514 Incendium
1604 2479 1694 2511 “Ex

168 2535 292 2565 magno
328 2524 454 2579 amoris
496 2524 914 2565 incendio—gaudebunt.
964 2524 1124 2564 Explicit
1165 2524 1278 2555 oleum
1320 2524 1468 2555 effusum
1501 2522 1691 2554 secundum

167 2566 368 2608 Hampollff'
391 2567 457 2600 See
473 2578 503 2614 p.
521 2570 577 2600 2n.
641 2568 695 2609 (i),
719 2578 740 2599 a
761 2568 858 2599 short
879 2568 971 2607 text,
995 2567 1087 2598 has‘
1092 2567 1271 2608 ‘Explicit
1292 2566 1464 2608 quomodo
1481 2565 1625 2607 perueni
1649 2565 1694 2597 ad

176 2610 378 2643 incendium
397 2610 546 2641 amor1s.⁷

230 2655 259 2689 7
290 2653 395 2685 Short
435 2655 533 2685 texts
565 2653 718 2684 have—“
732 2653 914 2694 perducas,
956 2652 1017 2684 ubi
1055 2655 1111 2685 est
1149 2653 1336 2685 thesaurus
1369 2663 1465 2684 meus
1505 2655 1542 2684 et
1579 2653 1695 2683 totum

169 2697 383 2745 desiderium
403 2696 520 2729 cordis
538 2707 602 2728 me.
651 2697 700 2728 Et
719 2699 862 2737 propter
880 2700 929 2737 te,
951 2696 1033 2737 quia
1053 2698 1139 2727 tune
1161 2695 1294 2728 habebo
1318 2700 1354 2729 et
1374 2694 1502 2727 uidebo
1524 2694 1693 2736 perfecte,

170 2750 277 2772 emam
298 2750 411 2781 ipsam
435 2742 582 2771 mortem
607 2739 772 2781 alloquor.
823 2740 850 2772 O
876 2749 968 2771 mors
990 2738 1051 2770 ubi
1076 2738 1258 2775 moraris,’'
1283 2740 1349 2770 ete.
