1881 2985
628 172 740 210 THE
778 172 889 209 END
930 172 997 206 OF
1039 171 1182 208 LovE
1605 183 1669 218 155

145 295 329 341 propter
360 289 507 330 Deum
538 290 788 344 diligimus,
819 290 978 343 pocius
1008 289 1157 330 Deum
1190 289 1233 329 in
1268 288 1356 336 illo,
1387 303 1523 343 quam
1556 288 1667 330 illud

143 355 383 402 amamus,1
404 362 445 396 et
469 356 528 396 ita
553 370 642 397 non
667 357 744 397 illo
767 357 960 398 fruimur
982 357 1061 398 sed
1089 356 1200 405 Deo,
1228 370 1319 411 quo
1342 357 1439 397 sine
1464 356 1552 396 fine
1578 355 1666 397 frui

144 421 407 475 gloriemur.
474 422 584 463 Mali
609 437 717 465 uero
742 423 826 465 hoc
853 423 1026 465 mundo
1052 423 1264 464 fruuntur
1286 430 1328 463 et
1355 423 1400 463 in
1428 422 1506 463 illo
1530 422 1667 463 finem

144 501 224 529 sue
275 488 626 531 delectacionis2
679 497 868 544 ponunt,
922 497 963 530 et
1014 503 1065 530 ea
1117 490 1214 531 sola
1264 503 1350 544 que
1400 490 1457 530 ad
1508 488 1668 531 mundi

144 555 365 609 gaudium
393 557 619 610 pertinent
646 558 920 598 incessanter
946 556 1288 609 concupiscunt.
1356 555 1411 596 Et
1439 556 1671 611 quomodo

144 629 297 675 posset
337 623 440 676 quis
481 623 670 665 stulcius
711 624 1014 665 miserabilius
1055 631 1132 665 aut
1172 623 1480 665 damnabilius
1521 635 1669 677 agere,

145 703 282 743 quam
316 689 375 730 rei
406 691 662 731 transitorie
697 699 739 731 et
767 690 945 732 fallibili
983 698 1165 744 propter
1199 690 1494 743 semetipsum
1530 689 1669 730 adhe-

146 757 274 796 rere?

200 821 309 864 Sola
348 823 468 864 enim
508 824 710 865 Trinitas
750 825 876 866 Deus
914 831 1098 878 propter
1133 838 1181 865 se
1219 824 1417 865 amanda
1453 831 1536 865 est.
1614 822 1667 864 In

144 889 289 943 ipsam
310 897 449 931 totam
474 898 668 932 mentem
695 898 893 932 nostram
917 905 1156 945 ponamus,
1180 905 1338 933 omnes
1361 891 1670 945 cogitaciones

142 957 200 997 ad
234 957 355 997 illam
387 957 522 998 finem
556 958 717 999 referre
748 972 975 1005 conemur,
1008 965 1054 1000 ut
1083 959 1181 1012 ipsa
1211 958 1255 998 in
1289 958 1421 999 nobis
1450 958 1548 1000 sine
1579 958 1668 998 fine

143 1024 434 1078 glorificetur.
500 1024 818 1078 Nosmetip-sos
849 1032 891 1065 et
922 1025 1038 1066 alios
1069 1039 1184 1080 quos
1217 1025 1456 1080 diligimus
1486 1031 1670 1081 propter

144 1091 266 1132 illam
293 1092 437 1133 solam
464 1092 749 1147 diligemus.3

200 1157 293 1199 Sed
316 1160 528 1200 mentitur
549 1167 757 1213 peccator
778 1160 854 1214 qui
876 1160 983 1200 dicit
1003 1173 1049 1200 se
1073 1160 1221 1201 Deum
1244 1160 1435 1214 diligere
1455 1168 1497 1201 et
1517 1168 1667 1200 tamen

143 1233 329 1279 peccato
374 1239 463 1267 non
508 1227 633 1267 timet
676 1226 857 1267 seruire.
942 1226 1108 1268 Omnis
1155 1240 1351 1281 namque
1396 1227 1473 1282 qui
1519 1227 1669 1268 Deum

143 1292 295 1347 diligit
318 1293 430 1334 liber
453 1300 531 1340 est,
556 1307 636 1335 nec
657 1293 714 1334 ad
739 1293 1001 1335 seruitutem
1028 1301 1205 1347 peccat;
1246 1308 1293 1335 se
1318 1294 1495 1348 redigit,
1519 1294 1598 1336 sed
1623 1294 1669 1334 in

143 1360 337 1401 seruicio
376 1360 550 1401 iusticie
589 1367 847 1401 constanter
886 1360 1100 1413 persistit.
1165 1360 1282 1402 Cum
1324 1374 1432 1402 uero
1471 1368 1670 1402 terrenas

147 1440 217 1468 res
247 1434 289 1467 et
321 1427 660 1468 consolaciones
687 1434 870 1480 propter
904 1427 1069 1479 seipsas
1109 1429 1360 1482 diligimus,
1392 1428 1541 1469 Deum
1574 1427 1671 1469 sine

143 1493 287 1535 dubio
322 1507 412 1534 non
450 1507 673 1535 amamus.
753 1494 901 1535 Immo
938 1508 1028 1535 non
1068 1495 1138 1536 uel
1171 1495 1420 1536 seruientes
1455 1495 1554 1536 Deo
1590 1494 1670 1536 sed

143 1561 348 1601 odientes
377 1561 526 1602 Deum
561 1561 874 1610 iudicabimur,
907 1562 944 1602 si
977 1562 1040 1603 sic
1073 1562 1118 1602 in
1151 1569 1353 1603 creatura
1381 1562 1670 1609 delectamur,

144 1628 250 1682 quia
287 1627 581 1669 Conditorem
624 1636 828 1670 nostrum
868 1629 1190 1682 postponimus
1229 1636 1270 1670 et
1303 1642 1353 1669 ea
1394 1642 1481 1683 que
1519 1636 1670 1669 eterna

143 1702 249 1736 sunt
273 1703 484 1749 appetere
513 1703 554 1735 et
578 1696 705 1750 sequi
733 1709 823 1736 non
853 1709 1078 1737 curamus.
1146 1696 1294 1737 Ualde
1323 1696 1493 1750 quippe
1523 1695 1671 1749 perni-

144 1762 317 1804 ciosum
354 1770 419 1803 est
451 1762 602 1803 anime
639 1771 680 1803 et
718 1763 935 1803 indicium
974 1763 1250 1816 perdicionis
1285 1770 1448 1810 eterne,
1486 1761 1673 1817 quando

145 1828 283 1870 homo
312 1829 506 1870 totaliter
536 1843 583 1870 se
611 1830 669 1870 ad
702 1830 924 1871 mundum
956 1830 1124 1877 tribuit,
1156 1838 1197 1870 et
1230 1830 1275 1869 in
1303 1830 1496 1871 diuersis
1523 1828 1673 1870 carnis

145 1896 382 1937 desideriis
403 1904 444 1937 et
466 1897 693 1938 erroribus
717 1897 847 1951 quasi
869 1897 926 1937 ad
951 1897 1128 1938 libitum
1153 1897 1292 1938 uadit.
1357 1895 1434 1938 Sic
1457 1896 1672 1936 nimirum

145 1963 254 2004 dum
282 1963 416 2004 miser
441 1963 762 2004 delectabiliter
788 1964 914 2013 uiuit,
943 1963 1201 2012 destruitur,
1224 1971 1266 2004 et
1289 1964 1397 2005 dum
1424 1977 1473 2006 se
1497 1963 1673 2004 deliciis

147 2037 322 2083 reputat
366 2029 563 2078 affluere,
611 2030 670 2071 ad
718 2044 881 2084 penam
933 2030 1264 2072 indeficientem
1313 2039 1355 2072 et
1404 2030 1671 2072 infernalem

146 2097 343 2138 festinat.

204 2163 352 2204 Nemo
385 2163 523 2218 igitur
555 2164 611 2205 de
639 2178 686 2205 se
713 2164 877 2206 audeat
910 2177 1182 2218 presumere,
1215 2178 1361 2219 neque
1394 2178 1472 2219 per
1505 2165 1672 2205 iactan-

145 2231 261 2271 ciam
301 2244 348 2271 se
387 2230 577 2282 eleuare,
621 2244 701 2272 nec
736 2244 845 2272 uero
881 2231 939 2271 ad
977 2231 1275 2284 opprobrium
1314 2245 1448 2273 suum
1490 2230 1675 2286 quando
1694 2239 1718 2272 f.
1739 2240 1780 2272 68

147 2299 396 2352 despicitur
417 2299 487 2340 uel
510 2299 717 2341 conuicia
738 2300 777 2339 ei
800 2299 1072 2347 obiciuntur,
1096 2312 1143 2340 se
1164 2299 1297 2340 debet
1320 2299 1574 2346 defendere,
1594 2303 1673 2339 aut

150 2365 319 2407 malurn
352 2366 541 2407 uerbum
578 2379 661 2419 pro
696 2366 817 2407 malo
846 2366 1043 2413 reddere,
1074 2366 1153 2407 sed
1188 2367 1342 2407 omnia
1378 2365 1547 2407 scilicet
1580 2372 1672 2404 tarn

147 2431 305 2473 laudes
352 2445 488 2486 quam
542 2432 790 2485 impropria
838 2431 1138 2486 equanimiter
1182 2432 1402 2473 tollerare.
1487 2432 1537 2474 In
1589 2430 1673 2473 hoc

148 2507 264 2541 certe
291 2500 429 2541 modo
453 2507 643 2554 agentes
667 2515 769 2542 cum
797 2500 984 2541 Christo
1009 2500 1261 2542 ineternum
1288 2500 1605 2555 gaudebimus,
1634 2499 1672 2540 si

151 2567 386 2608 Christum
411 2567 551 2607 eciam
577 2567 621 2606 in
644 2567 727 2609 hac
749 2568 841 2609 uita
865 2568 1139 2608 incessanter
1159 2575 1201 2608 et
1222 2569 1430 2608 ardenter
1447 2579 1670 2608 amamus.

193 2684 221 2714 1.
249 2682 295 2725 (j)
312 2682 554 2715 uncorreeted.
621 2686 644 2700 ‘⁶
655 2683 694 2716 Si
709 2683 805 2716 enim
821 2686 918 2716 reete
934 2683 1129 2725 diligimus,
1149 2684 1266 2716 Deum
1284 2684 1406 2726 pocius
1421 2684 1459 2715 in
1482 2683 1545 2716 illo
1568 2693 1677 2725 quam

148 2725 241 2758 illud
256 2725 455 2758 amamus.'⁷
521 2727 556 2758 2.
580 2728 628 2768 (9)
648 2726 915 2759 “dileccionis’'
981 2728 1011 2759 3.
1060 2726 1113 2768 (f)
1131 2726 1180 2767 (h)
1199 2726 1460 2769 “diligamus.'⁷
