1881 2985
555 216 666 253 THE
696 215 890 250 PRisoN
922 214 990 249 OF
1020 213 1132 249 THE
1163 213 1306 248 BODY
1629 223 1693 257 245

829 339 937 381 CAP.
966 347 1035 390 35.

172 431 439 485 (Meditacio
467 431 728 485 languentis
753 430 797 470 in
820 430 1033 471 dilectum
1060 437 1102 470 et
1129 429 1357 471 desolacio
1383 428 1438 469 de
1462 427 1622 477 sodali,
1651 434 1692 467 et

275 497 507 551 quomodo
528 497 770 538 ordinatim
792 496 999 550 peruenit
1019 496 1077 536 ad
1098 495 1266 536 amoris
1290 494 1588 546 incendium.)

230 586 271 628 O
300 586 434 627 Ihesu
464 587 508 626 in
535 594 576 627 te
600 600 701 628 cum
726 585 997 626 iubilacione
1019 584 1168 632 ardeo,
1192 591 1235 624 et
1262 583 1427 637 iugiter
1452 583 1626 636 ingeret
1646 594 1694 623 se

172 660 297 694 estus
326 653 507 701 amoris,
546 661 593 694 ut
630 661 684 700 te,
721 666 748 693 o
783 652 1109 701 amantissime,
1151 651 1283 705 plene
1318 650 1613 704 amplexarer,
1652 656 1694 689 et

172 719 357 760 differor
388 720 679 761 dilectissime
703 720 760 761 ab
791 719 876 760 hoc
908 719 965 759 ad
1001 718 1124 772 quod
1157 717 1335 758 anhelo.
1430 716 1623 768 Insuper
1653 721 1695 754 et

171 787 391 841 anguscie
440 787 664 834 accidunt,
714 800 766 827 ac
818 793 947 827 uasta
997 785 1197 826 solitudo
1248 785 1370 825 uiam
1424 781 1693 830 intercludit,

164 854 515 908 amanciumque
565 853 874 894 habitaciones
928 853 972 892 in
1046 865 1189 893 unum
1240 851 1390 893 adhuc
1442 864 1533 891 non
1586 848 1694 891 sinit

172 919 383 961 edificari.
446 919 538 961 Sed
560 920 733 961 utinam
758 920 830 961 uel
853 920 1055 961 sodalem
1081 919 1125 959 in
1147 919 1303 960 itinere
1327 918 1619 968 ostendisses,
1647 924 1694 957 ut

173 987 296 1028 illius
325 987 643 1028 exhortacione
673 988 834 1041 langor
864 986 1162 1035 letificaretur,
1192 994 1233 1027 et
1262 985 1497 1026 uinculum
1526 983 1694 1025 insolu-

171 1055 277 1098 bilis
296 1055 495 1108 suspirii,
516 1056 553 1097 si
575 1069 665 1096 non
686 1055 775 1096 cito
794 1062 870 1095 tua
888 1054 1163 1096 suauissima
1182 1054 1358 1095 uisione
1377 1052 1694 1102 scinderetur,l

174 1123 218 1163 in
250 1130 426 1164 tantum
458 1123 699 1176 stringeret
729 1123 851 1177 quod
880 1122 1063 1162 artaret2
1093 1129 1339 1162 amatorem
1371 1129 1499 1161 tuum
1526 1121 1695 1161 amoris

174 1189 493 1243 magnitudine
526 1189 721 1229 claustra
755 1188 906 1229 carnis
939 1187 1107 1241 egredi,
1143 1194 1185 1235 et
1230 1200 1379 1228 coram
1426 1194 1504 1228 tua
1552 1185 1695 1240 proici

174 1253 417 1294 maiestate.
482 1253 667 1293 Interim
691 1260 841 1294 autem
867 1252 1074 1293 exultans
1100 1252 1144 1291 in
1167 1251 1354 1306 ympnis
1371 1251 1462 1292 tuis
1483 1251 1694 1305 degerem
1716 1255 1739 1290 f.
1759 1257 1802 1288 49

172 1320 362 1361 dulciter
405 1333 507 1360 cum
557 1319 680 1360 socio
731 1332 865 1372 quem
913 1318 1129 1366 dedisses,
1173 1325 1215 1357 et
1264 1317 1604 1358 collectaremur
1649 1315 1694 1355 in

172 1387 462 1429 sermonibus
479 1386 749 1428 sinceritatis
768 1386 866 1427 sine
884 1385 1205 1435 contrauersia‚
1228 1383 1465 1437 epulantes
1484 1381 1695 1436 equidem

172 1455 217 1495 in
236 1454 479 1495 amenitate
495 1454 665 1494 amoris
680 1460 816 1507 atque
838 1452 1031 1493 inuicem
1054 1451 1228 1493 cantica
1246 1463 1455 1491 amorosa
1476 1449 1694 1490 indicare-

174 1533 287 1567 mus,
316 1520 460 1560 donec
487 1518 668 1560 deducti
692 1519 749 1560 ab
780 1518 865 1559 hoc
892 1516 1125 1571 ergastulo
1153 1516 1376 1566 exteriori,
1409 1516 1454 1556 in
1485 1514 1694 1555 interiora

174 1587 433 1628 habitacula
474 1587 875 1633 introduceremus,
913 1584 1050 1626 simul
1095 1585 1343 1625 sorcientes
1380 1583 1533 1625 sedern
1579 1583 1695 1623 inter

173 1653 396 1703 celicolas‚
421 1653 497 1707 qui
518 1652 675 1693 eodem
698 1651 837 1691 modo
855 1664 906 1691 ac
922 1664 1133 1692 mensura
1154 1649 1388 1691 Christum
1409 1649 1694 1689 amabamus.

229 1720 347 1769 Heu,
386 1720 496 1775 quid
527 1720 699 1774 agam?
761 1717 993 1773 Quamdiu
1030 1718 1302 1758 dilacionem
1339 1715 1526 1770 pacior?
1590 1712 1696 1767 Quo

172 1788 362 1842 fugiam,
394 1795 442 1828 ut
472 1787 595 1828 fruar
625 1787 812 1827 feliciter
840 1786 898 1827 ad
926 1785 1048 1840 quod
1080 1785 1280 1825 festino?
1344 1783 1500 1837 Egens
1523 1796 1625 1824 sum
1653 1787 1695 1821 et

170 1856 389 1906 esuriens,
422 1855 721 1909 angusciatus
744 1862 785 1894 et
811 1853 1019 1902 afflictus,
1050 1852 1316 1893 uulneratus
1342 1859 1383 1892 et
1411 1850 1695 1892 decoloratus

169 1924 229 1964 ob
254 1922 514 1964 absenciam
540 1921 678 1961 amati
704 1921 806 1971 mei,
834 1920 939 1974 quia
965 1919 1166 1960 cruciant
1192 1931 1262 1958 me
1281 1931 1487 1958 accerrus
1512 1916 1694 1963 amoris,

171 1996 213 2029 et
243 2002 349 2041 spes
378 2001 464 2042 que
494 1987 699 2028 differtur
725 1985 890 2040 affligit
921 1986 1126 2026 animam.
1195 1984 1318 2025 Hinc
1348 1983 1516 2025 clamor
1546 1980 1695 2024 cordis

170 2056 386 2103 ascendit,
414 2062 454 2095 et
481 2068 646 2095 canora
670 2053 893 2108 cogitacio
921 2053 1057 2094 currit
1086 2053 1201 2092 inter
1225 2051 1388 2092 choros
1415 2047 1694 2094 conuiuium,

171 2131 393 2178 appetens
432 2123 598 2164 eleuari
638 2136 782 2176 usque
823 2122 881 2163 ad
921 2120 1131 2162 altissimi
1170 2120 1407 2160 auditum:
1460 2129 1552 2172 quo
1592 2128 1693 2157 cum

166 2190 435 2244 peruenerit,
466 2189 707 2243 negocium
731 2202 865 2229 suum
890 2187 1059 2241 profert
1085 2194 1126 2228 et
1148 2187 1209 2226 ait
1229 2201 1239 2226 ε

234 2255 261 2272 “
283 2256 324 2298 Ο
352 2269 480 2297 amor
510 2255 666 2297 meus!
733 2255 775 2297 Ο
811 2256 897 2296 mel
927 2254 1107 2296 meum!
1175 2254 1216 2296 O
1253 2252 1424 2294 cithara
1458 2250 1585 2292 mea!
1652 2248 1694 2291 O

173 2323 437 2377 psalterium
460 2336 610 2363 meum
632 2330 673 2362 et
694 2323 918 2364 canticum
942 2329 1034 2362 tota
1055 2321 1128 2362 die
1148 2320 1157 2361 l
1224 2320 1423 2375 Quando
1444 2317 1696 2361 medeberis

173 2388 337 2429 mesori
364 2389 498 2428 meo?
560 2388 602 2429 O
630 2388 755 2429 radix
780 2388 930 2429 cordis
955 2387 1055 2434 mei,
1083 2387 1267 2441 quando
1292 2386 1448 2427 uenies
1471 2385 1528 2426 ad
1554 2397 1624 2424 me
1646 2389 1693 2424 ut

173 2468 381 2495 assumas
410 2461 557 2495 tecum
593 2454 914 2507 suspicientem
950 2451 1030 2494 tibi
1058 2453 1267 2506 spiritum
1303 2452 1489 2493 meum?
1549 2449 1696 2491 Uides

172 2522 295 2562 enim
321 2521 443 2576 quod
470 2521 685 2561 uulneror
710 2521 907 2562 uitaliter
932 2520 1081 2573 specie
1103 2520 1318 2574 preclara,
1348 2527 1389 2560 et
1415 2520 1577 2572 langor
1602 2530 1693 2558 non

177 2589 423 2638 relaxatur3
450 2588 589 2629 immo
613 2588 760 2642 magis
783 2601 834 2628 ac
857 2588 1007 2641 magis
1032 2587 1076 2626 in
1099 2593 1397 2641 augmentum
1419 2586 1620 2639 erigitur,
1642 2597 1697 2625 ac

174 2662 385 2709 premunt
409 2667 480 2694 me
507 2653 774 2707 penalitates
799 2659 1030 2707 presentes
1053 2661 1093 2694 et
1122 2659 1352 2707 pungunt,
1385 2659 1432 2692 ut
1457 2662 1694 2704 properem

233 2746 260 2775 1.
291 2744 336 2785 (α)
362 2742 673 2774 “ostenderetur”
756 2744 785 2774 2.
816 2742 859 2783 (j)
890 2741 1090 2773 “arteret.”
