1881 2985
574 187 718 224 LovE
748 187 936 224 MAKEs
965 188 1086 223 Two
1120 189 1230 227 ΘΝΕ
1597 205 1662 240 275

144 298 334 354 Deoque
360 302 613 356 coniungit,
644 303 722 344 sed
763 303 902 344 eciam
941 317 1121 346 carnem
1164 314 1204 347 et
1240 307 1512 361 sanguinem
1556 324 1659 352 con-

141 366 337 420 stringit,
373 380 428 407 ne
459 366 628 408 defluat
661 368 800 409 homo
828 369 871 408 in
905 369 1189 411 dulcedinem
1223 371 1506 425 deceptiuam
1539 381 1580 414 et
1614 374 1659 414 in

140 431 346 473 diuersas
372 445 572 474 errorum
604 434 1002 487 concupiscencias
1033 436 1246 476 deuiaret.
1310 436 1362 477 In
1394 437 1478 480 hoc
1508 452 1660 480 amore

139 497 426 538 conualescat
451 512 539 549 cor,
564 499 796 540 roboretur
819 507 859 540 et
881 500 1097 541 consistat
1121 502 1213 543 uita
1239 509 1404 550 nostra,
1430 503 1658 544 meliorem

142 563 356 604 nimirum
418 566 702 607 mansionem
767 574 808 607 et
872 567 1129 608 suauiorem
1194 582 1428 623 nunquam
1491 570 1659 618 inueni,

140 629 357 684 quoniam
388 645 459 672 me
485 639 527 672 et
566 633 807 674 amabilem
853 647 1002 675 meum
1048 648 1175 675 amor
1217 636 1328 682 unit,
1369 644 1409 677 et
1440 649 1581 678 unum
1605 651 1660 678 ex

131 695 303 738 duobus
331 697 451 739 facit.

197 763 549 816 [Uerumtamen
585 766 779 807 carnalis
816 767 1004 808 dileccio
1043 768 1384 822 prosperabitur
1420 776 1462 809 et
1495 769 1658 823 peribit

139 833 524 888 quemadmodum
554 832 639 874 flos
678 834 777 887 agri
822 834 866 874 in
905 841 1058 885 estate,
1120 842 1161 875 et
1203 848 1293 876 non
1338 836 1419 876 erit
1460 835 1659 890 amplius

138 899 346 941 exultans
375 907 417 941 et
444 901 642 942 existens
670 915 806 956 quam
834 902 871 942 si
902 915 993 942 non
1020 902 1105 944 nisi
1136 916 1215 957 per
1239 903 1358 944 diem
1387 916 1530 944 unum
1560 917 1657 957 per-

138 966 330 1015 duraret,
366 967 433 1008 sic
461 974 578 1008 certe
613 968 819 1009 subsistit
857 982 937 1022 per
970 969 1212 1017 modicum,
1251 969 1330 1010 sed
1359 969 1574 1024 deinceps
1612 970 1656 1010 in

136 1032 338 1074 dolorem
389 1033 649 1085 declinabit,
704 1041 745 1075 et
797 1035 861 1076 sic
911 1036 1009 1076 sine
1057 1036 1199 1077 dubio
1250 1035 1571 1077 amaricabitur
1612 1035 1656 1075 in

138 1098 352 1139 inanibus
387 1099 683 1140 amatoribus.
747 1099 973 1153 Superbia
1008 1114 1177 1151 eorum,
1215 1108 1256 1141 et
1295 1100 1430 1142 ludus
1468 1101 1511 1141 in
1543 1099 1658 1141 falsa

136 1165 487 1218 pulchritudine,
528 1167 573 1206 in
610 1167 894 1221 putredinem
934 1174 976 1208 et
1013 1167 1342 1220 turpitudinem
1376 1167 1653 1218 detrudetur,

136 1231 354 1286 quoniam
384 1233 472 1273 iam
499 1233 752 1286 precipitati
782 1241 888 1274 sunt
919 1234 963 1273 in
990 1241 1278 1281 tormentum,
1309 1234 1431 1288 quod
1460 1247 1562 1275 cum
1591 1234 1658 1274 eis

135 1297 218 1338 erit
253 1298 520 1339 ineternum.
587 1298 691 1339 Non
719 1299 941 1347 transibit,
976 1300 1092 1341 sicut
1127 1313 1209 1341 sua
1243 1299 1357 1341 falsa
1392 1299 1582 1341 felicitas
1615 1307 1656 1340 et

136 1363 357 1417 gaudium
385 1365 506 1418 quod
537 1364 807 1416 habuerunt,
843 1366 886 1405 in
915 1366 1156 1419 splendore
1186 1379 1266 1407 sue
1294 1366 1459 1419 speciei
1491 1365 1657 1406 frustra

136 1432 422 1482 transierunt,
447 1439 489 1472 et
511 1432 724 1474 uelociter
747 1434 932 1474 euanuit
958 1447 1092 1474 omne
1116 1434 1160 1473 in
1186 1447 1278 1488 quo
1301 1433 1655 1475 delectabantur.

138 1495 265 1538 Deus
298 1504 449 1538 autem
486 1497 562 1538 dat
599 1497 985 1551 pulchritudinem
1024 1499 1134 1540 uiris
1163 1507 1204 1540 et
1241 1499 1438 1550 feminis,
1480 1513 1570 1540 non
1609 1506 1656 1540 ut

136 1562 331 1604 inuicem
368 1562 653 1604 inardescant
684 1564 1050 1617 contempnendo
1084 1571 1328 1605 creatorem
1363 1578 1511 1612 suum,
1541 1564 1656 1605 sicut

134 1627 222 1668 iam
262 1641 377 1681 pene
413 1628 629 1669 omnibus
666 1629 841 1677 accidit,
880 1629 958 1670 sed
997 1636 1044 1670 ut
1080 1629 1299 1671 beneficia
1340 1629 1527 1670 Domini
1569 1629 1654 1670 Dei

134 1694 205 1734 sui
256 1702 643 1749 recognoscentes,
694 1696 842 1750 ipsum
886 1703 979 1737 toto
1029 1697 1162 1738 corde
1211 1696 1465 1751 glorificent
1513 1705 1555 1738 et
1590 1698 1655 1737 in—

133 1768 361 1803 cessanter
387 1769 563 1812 ament;
597 1770 732 1817 atque
779 1763 837 1804 ad
884 1763 1029 1816 ipsam
1079 1764 1357 1817 perhennem
1407 1762 1655 1804 nulehritu-

134 1827 302 1879 dinem,
336 1828 410 1869 cui
452 1828 605 1870 omnis
637 1829 885 1870 mundialis
930 1830 1105 1882 species
1131 1838 1173 1871 et
1205 1830 1350 1885 gloria
1396 1836 1655 1883 comparata

135 1893 275 1935 nichil
307 1901 386 1945 est,
436 1894 602 1949 iugiter
650 1895 894 1948 suspirent.
990 1894 1039 1936 Si
1089 1897 1209 1937 enim
1251 1896 1461 1937 amabilis
1509 1896 1655 1938 forma

133 1967 321 2014 apparet
352 1961 396 2001 in
428 1961 573 2002 seruis
601 1962 775 2012 mundi,
811 1975 898 2016 que
927 1962 1008 2002 erit
1035 1962 1329 2016 pulchritudo
1357 1963 1401 2003 in
1433 1960 1539 2005 filiis
1567 1963 1652 2004 Dei

135 2026 180 2066 in
212 2026 310 2067 celo
339 2027 631 2068 constitutis?
693 2026 892 2069 Proinde
919 2041 1124 2070 amemus
1153 2028 1373 2077 ardenter,
1405 2029 1512 2084 quia
1535 2030 1573 2071 si
1607 2030 1652 2070 in

131 2092 399 2146 almiphona
436 2094 678 2135 amenitate
717 2095 1036 2143 amauerimus,
1078 2091 1263 2137 Christo
1301 2109 1517 2138 canemus
1548 2109 1652 2138 cum

134 2159 342 2208 melodia,
377 2160 506 2202 cuius
538 2174 666 2201 amor
695 2162 850 2202 omnia
884 2162 1040 2212 uincit,
1080 2169 1121 2202 et
1155 2175 1237 2203 nos
1273 2175 1385 2216 ergo
1420 2162 1463 2202 in
1499 2175 1652 2203 amore

134 2229 347 2270 uiuamus
363 2235 404 2269 et
427 2229 471 2269 in
495 2241 587 2282 quo
604 2228 744 2270 eciam
769 2229 1059 2286 moriamur]

788 2349 899 2394 CAP.
927 2363 997 2404 42.

133 2440 224 2496 (De
261 2440 500 2481 dulcedine
553 2447 594 2481 et
647 2439 857 2481 felicitate
909 2441 1076 2481 amoris
1126 2440 1225 2491 Dei,
1279 2448 1320 2482 et
1373 2440 1428 2482 de
1475 2440 1650 2481 cantico

238 2507 512 2561 philomene,
588 2513 629 2548 et
698 2507 850 2548 oracio
922 2520 1004 2560 pro
1073 2507 1415 2560 perseuerancia
1486 2507 1646 2548 cantici

244 2574 495 2629 spiritualis
516 2581 558 2615 et
582 2575 724 2623 realis,
746 2588 879 2629 quem
903 2581 1126 2616 amatores
1150 2574 1308 2615 mundi
1330 2587 1420 2615 non
1445 2573 1645 2622 habent.)

183 2655 443 2697 Dulciorem
469 2654 748 2707 uoluptatem
775 2668 866 2696 non
889 2668 1132 2709 cognosco,
1160 2668 1295 2709 quam
1322 2654 1365 2694 in
1392 2653 1523 2695 corde
1547 2663 1647 2691 meo

131 2737 289 2765 canere
333 2723 427 2771 tibi,
482 2722 629 2771 Ihesu,
683 2736 816 2777 quern
868 2721 1027 2776 diligo,
1083 2721 1307 2763 canticum
1355 2720 1502 2762 laudis
1554 2724 1643 2760 tue.
