<?xml version="1.0" encoding="UTF-8"?>
<!DOCTYPE html PUBLIC "-//W3C//DTD XHTML 1.0 Transitional//EN"
    "http://www.w3.org/TR/xhtml1/DTD/xhtml1-transitional.dtd">
<html xmlns="http://www.w3.org/1999/xhtml" xml:lang="en" lang="en">
 <head>
  <title>
</title>
<meta http-equiv="Content-Type" content="text/html;charset=utf-8" />
  <meta name='ocr-system' content='tesseract 3.04.00' />
  <meta name='ocr-capabilities' content='ocr_page ocr_carea ocr_par ocr_line ocrx_word'/>
</head>
<body>
  <div class='ocr_page' id='page_1' title='image "./incendiumamoris00rolluoft_0166.png"; bbox 0 0 1757 2990; ppageno 0'>
   <div class='ocr_carea' id='block_1_1' title="bbox 78 179 1166 224">
    <p class='ocr_par' dir='ltr' id='par_1_1' title="bbox 78 179 1166 224">
     <span class='ocr_line' id='line_1_1' title="bbox 78 179 1166 224; baseline 0.004 -10"><span class='ocrx_word' id='word_1_1' title='bbox 78 179 144 224; x_wconf 79' lang='lat'>136</span> <span class='ocrx_word' id='word_1_2' title='bbox 520 182 777 220; x_wconf 86' lang='lat' dir='ltr'>SUPPLICA</span> <span class='ocrx_word' id='word_1_3' title='bbox 811 182 879 218; x_wconf 89' lang='lat' dir='ltr'>OF</span> <span class='ocrx_word' id='word_1_4' title='bbox 907 183 1100 219; x_wconf 86' lang='lat' dir='ltr'>HENRY</span> <span class='ocrx_word' id='word_1_5' title='bbox 1130 183 1166 218; x_wconf 93' lang='lat' dir='ltr'>V</span> 
     </span>
    </p>
   </div>
   <div class='ocr_carea' id='block_1_2' title="bbox 71 297 1612 2805">
    <p class='ocr_par' dir='ltr' id='par_1_2' title="bbox 71 297 1609 1781">
     <span class='ocr_line' id='line_1_2' title="bbox 73 297 1604 354; baseline 0.004 -19"><span class='ocrx_word' id='word_1_6' title='bbox 73 304 317 349; x_wconf 82' lang='lat' dir='ltr'>preessent,</span> <span class='ocrx_word' id='word_1_7' title='bbox 349 297 540 339; x_wconf 91' lang='lat' dir='ltr'>condere</span> <span class='ocrx_word' id='word_1_8' title='bbox 570 297 829 339; x_wconf 79' lang='lat' dir='ltr'>facultatem</span> <span class='ocrx_word' id='word_1_9' title='bbox 862 305 903 338; x_wconf 93' lang='lat' dir='ltr'>et</span> <span class='ocrx_word' id='word_1_10' title='bbox 933 299 1115 352; x_wconf 78' lang='lat' dir='ltr'>plenam</span> <span class='ocrx_word' id='word_1_11' title='bbox 1148 306 1415 353; x_wconf 91' lang='lat' dir='ltr'>potestatem</span> <span class='ocrx_word' id='word_1_12' title='bbox 1448 299 1604 354; x_wconf 91' lang='lat' dir='ltr'>recipi-</span> 
     </span>
     <span class='ocr_line' id='line_1_3' title="bbox 72 363 1604 418; baseline 0.003 -15"><span class='ocrx_word' id='word_1_13' title='bbox 72 363 179 404; x_wconf 92' lang='lat' dir='ltr'>endi</span> <span class='ocrx_word' id='word_1_14' title='bbox 219 371 260 404; x_wconf 92' lang='lat' dir='ltr'>et</span> <span class='ocrx_word' id='word_1_15' title='bbox 297 365 563 417; x_wconf 90' lang='lat' dir='ltr'>acceptandi</span> <span class='ocrx_word' id='word_1_16' title='bbox 604 365 661 406; x_wconf 92' lang='lat' dir='ltr'>ad</span> <span class='ocrx_word' id='word_1_17' title='bbox 706 365 1120 406; x_wconf 81' lang='lat' dir='ltr'>confraternitatem</span> <span class='ocrx_word' id='word_1_18' title='bbox 1163 379 1308 418; x_wconf 86' lang='lat' dir='ltr'>suam,</span> <span class='ocrx_word' id='word_1_19' title='bbox 1352 367 1604 408; x_wconf 88' lang='lat' dir='ltr'>secundum</span> 
     </span>
     <span class='ocr_line' id='line_1_4' title="bbox 76 431 1607 488; baseline 0.004 -17"><span class='ocrx_word' id='word_1_20' title='bbox 76 431 281 473; x_wconf 91' lang='lat' dir='ltr'>instituta</span> <span class='ocrx_word' id='word_1_21' title='bbox 307 433 415 474; x_wconf 92' lang='lat' dir='ltr'>dicti</span> <span class='ocrx_word' id='word_1_22' title='bbox 443 433 633 484; x_wconf 82' lang='lat' dir='ltr'>ordinis,</span> <span class='ocrx_word' id='word_1_23' title='bbox 663 446 974 488; x_wconf 86' lang='lat' dir='ltr'>quascumque</span> <span class='ocrx_word' id='word_1_24' title='bbox 998 447 1218 487; x_wconf 88' lang='lat' dir='ltr'>personas</span> <span class='ocrx_word' id='word_1_25' title='bbox 1243 442 1335 476; x_wconf 89' lang='lat' dir='ltr'>tam</span> <span class='ocrx_word' id='word_1_26' title='bbox 1363 435 1607 478; x_wconf 88' lang='lat' dir='ltr'>secularies</span> 
     </span>
     <span class='ocr_line' id='line_1_5' title="bbox 71 501 1602 557; baseline 0.002 -16"><span class='ocrx_word' id='word_1_27' title='bbox 71 514 209 554; x_wconf 87' lang='lat' dir='ltr'>quam</span> <span class='ocrx_word' id='word_1_28' title='bbox 230 501 489 554; x_wconf 89' lang='lat' dir='ltr'>spirituales</span> <span class='ocrx_word' id='word_1_29' title='bbox 507 501 744 555; x_wconf 89' lang='lat' dir='ltr'>utriusque</span> <span class='ocrx_word' id='word_1_30' title='bbox 761 514 896 544; x_wconf 84' lang='lat' dir='ltr'>sexus</span> <span class='ocrx_word' id='word_1_31' title='bbox 907 502 1400 556; x_wconf 89' lang='lat' dir='ltr'>cuiuscumquestatus‚</span> <span class='ocrx_word' id='word_1_32' title='bbox 1415 502 1602 557; x_wconf 89' lang='lat' dir='ltr'>gradus,</span> 
     </span>
     <span class='ocr_line' id='line_1_6' title="bbox 74 569 1606 625; baseline 0.002 -16"><span class='ocrx_word' id='word_1_33' title='bbox 74 569 373 621; x_wconf 89' lang='lat' dir='ltr'>condicionis,</span> <span class='ocrx_word' id='word_1_34' title='bbox 411 570 651 624; x_wconf 86' lang='lat' dir='ltr'>dignitatis</span> <span class='ocrx_word' id='word_1_35' title='bbox 680 578 721 611; x_wconf 89' lang='lat' dir='ltr'>et</span> <span class='ocrx_word' id='word_1_36' title='bbox 754 570 1086 624; x_wconf 85' lang='lat' dir='ltr'>preeminencie</span> <span class='ocrx_word' id='word_1_37' title='bbox 1119 570 1381 623; x_wconf 81' lang='lat' dir='ltr'>existentur‚</span> <span class='ocrx_word' id='word_1_38' title='bbox 1419 573 1606 625; x_wconf 84' lang='lat' dir='ltr'>ipseque</span> 
     </span>
     <span class='ocr_line' id='line_1_7' title="bbox 75 638 1603 692; baseline 0.001 -14"><span class='ocrx_word' id='word_1_39' title='bbox 75 651 267 692; x_wconf 90' lang='lat' dir='ltr'>persone</span> <span class='ocrx_word' id='word_1_40' title='bbox 297 638 355 679; x_wconf 87' lang='lat' dir='ltr'>ad</span> <span class='ocrx_word' id='word_1_41' title='bbox 389 638 653 679; x_wconf 90' lang='lat' dir='ltr'>huiusmodi</span> <span class='ocrx_word' id='word_1_42' title='bbox 680 638 1112 690; x_wconf 84' lang='lat' dir='ltr'>confraternitatem,</span> <span class='ocrx_word' id='word_1_43' title='bbox 1143 647 1192 680; x_wconf 89' lang='lat' dir='ltr'>ut</span> <span class='ocrx_word' id='word_1_44' title='bbox 1220 647 1488 681; x_wconf 89' lang='lat' dir='ltr'>consuetum</span> <span class='ocrx_word' id='word_1_45' title='bbox 1521 646 1603 691; x_wconf 89' lang='lat' dir='ltr'>est,</span> 
     </span>
     <span class='ocr_line' id='line_1_8' title="bbox 77 707 1602 762; baseline 0.001 -16"><span class='ocrx_word' id='word_1_46' title='bbox 77 714 265 760; x_wconf 86' lang='lat' dir='ltr'>recepte,</span> <span class='ocrx_word' id='word_1_47' title='bbox 311 707 517 748; x_wconf 91' lang='lat' dir='ltr'>omnium</span> <span class='ocrx_word' id='word_1_48' title='bbox 563 708 789 749; x_wconf 87' lang='lat' dir='ltr'>bonorum</span> <span class='ocrx_word' id='word_1_49' title='bbox 837 707 1143 761; x_wconf 86' lang='lat' dir='ltr'>spiritualium</span> <span class='ocrx_word' id='word_1_50' title='bbox 1189 708 1602 762; x_wconf 90' lang='lat' dir='ltr'>indulgenciarum‚</span> 
     </span>
     <span class='ocr_line' id='line_1_9' title="bbox 71 775 1604 830; baseline 0 -15"><span class='ocrx_word' id='word_1_51' title='bbox 71 775 336 816; x_wconf 90' lang='lat' dir='ltr'>oracionum</span> <span class='ocrx_word' id='word_1_52' title='bbox 373 783 414 816; x_wconf 90' lang='lat' dir='ltr'>et</span> <span class='ocrx_word' id='word_1_53' title='bbox 447 775 640 817; x_wconf 89' lang='lat' dir='ltr'>aliorum</span> <span class='ocrx_word' id='word_1_54' title='bbox 677 776 857 829; x_wconf 89' lang='lat' dir='ltr'>piorum</span> <span class='ocrx_word' id='word_1_55' title='bbox 893 789 1082 829; x_wconf 90' lang='lat' dir='ltr'>operum</span> <span class='ocrx_word' id='word_1_56' title='bbox 1119 777 1362 830; x_wconf 91' lang='lat' dir='ltr'>participes</span> <span class='ocrx_word' id='word_1_57' title='bbox 1396 777 1604 823; x_wconf 81' lang='lat' dir='ltr'>existant,</span> 
     </span>
     <span class='ocr_line' id='line_1_10' title="bbox 73 842 1604 896; baseline 0 -13"><span class='ocrx_word' id='word_1_58' title='bbox 73 855 161 896; x_wconf 93' lang='lat' dir='ltr'>que</span> <span class='ocrx_word' id='word_1_59' title='bbox 191 842 374 883; x_wconf 89' lang='lat' dir='ltr'>assidue</span> <span class='ocrx_word' id='word_1_60' title='bbox 407 843 452 882; x_wconf 92' lang='lat' dir='ltr'>in</span> <span class='ocrx_word' id='word_1_61' title='bbox 486 842 619 883; x_wconf 91' lang='lat' dir='ltr'>dictis</span> <span class='ocrx_word' id='word_1_62' title='bbox 650 843 940 883; x_wconf 87' lang='lat' dir='ltr'>monasteriis</span> <span class='ocrx_word' id='word_1_63' title='bbox 963 856 1042 885; x_wconf 93' lang='lat' dir='ltr'>seu</span> <span class='ocrx_word' id='word_1_64' title='bbox 1071 843 1181 884; x_wconf 92' lang='lat' dir='ltr'>locis</span> <span class='ocrx_word' id='word_1_65' title='bbox 1211 843 1269 884; x_wconf 90' lang='lat' dir='ltr'>ad</span> <span class='ocrx_word' id='word_1_66' title='bbox 1304 843 1390 884; x_wconf 90' lang='lat' dir='ltr'>Dei</span> <span class='ocrx_word' id='word_1_67' title='bbox 1423 843 1604 885; x_wconf 92' lang='lat' dir='ltr'>laudem</span> 
     </span>
     <span class='ocr_line' id='line_1_11' title="bbox 75 908 1606 964; baseline 0.001 -15"><span class='ocrx_word' id='word_1_68' title='bbox 75 908 204 960; x_wconf 88' lang='lat' dir='ltr'>fiunt,</span> <span class='ocrx_word' id='word_1_69' title='bbox 238 909 622 964; x_wconf 88' lang='lat' dir='ltr'>quandocumque</span> <span class='ocrx_word' id='word_1_70' title='bbox 652 909 993 951; x_wconf 86' lang='lat' dir='ltr'>confessoribus</span> <span class='ocrx_word' id='word_1_71' title='bbox 1022 917 1063 951; x_wconf 92' lang='lat' dir='ltr'>et</span> <span class='ocrx_word' id='word_1_72' title='bbox 1092 910 1339 952; x_wconf 86' lang='lat' dir='ltr'>abbatissis</span> <span class='ocrx_word' id='word_1_73' title='bbox 1365 918 1443 951; x_wconf 89' lang='lat' dir='ltr'>aut</span> <span class='ocrx_word' id='word_1_74' title='bbox 1468 910 1606 964; x_wconf 90' lang='lat' dir='ltr'>patri-</span> 
     </span>
     <span class='ocr_line' id='line_1_12' title="bbox 73 977 1606 1032; baseline -0.001 -14"><span class='ocrx_word' id='word_1_75' title='bbox 73 977 160 1019; x_wconf 91' lang='lat' dir='ltr'>bus</span> <span class='ocrx_word' id='word_1_76' title='bbox 206 985 247 1017; x_wconf 92' lang='lat' dir='ltr'>et</span> <span class='ocrx_word' id='word_1_77' title='bbox 291 977 512 1019; x_wconf 90' lang='lat' dir='ltr'>matribus</span> <span class='ocrx_word' id='word_1_78' title='bbox 559 978 603 1017; x_wconf 93' lang='lat' dir='ltr'>in</span> <span class='ocrx_word' id='word_1_79' title='bbox 651 978 840 1031; x_wconf 82' lang='lat' dir='ltr'>prefatis</span> <span class='ocrx_word' id='word_1_80' title='bbox 884 978 1170 1019; x_wconf 91' lang='lat' dir='ltr'>monasteriis</span> <span class='ocrx_word' id='word_1_81' title='bbox 1218 979 1316 1020; x_wconf 87' lang='lat' dir='ltr'>siue</span> <span class='ocrx_word' id='word_1_82' title='bbox 1365 979 1477 1020; x_wconf 88' lang='lat' dir='ltr'>locis</span> <span class='ocrx_word' id='word_1_83' title='bbox 1522 991 1606 1032; x_wconf 90' lang='lat' dir='ltr'>pro</span> 
     </span>
     <span class='ocr_line' id='line_1_13' title="bbox 74 1045 1607 1100; baseline 0.001 -16"><span class='ocrx_word' id='word_1_84' title='bbox 74 1052 277 1097; x_wconf 87' lang='lat' dir='ltr'>tempore</span> <span class='ocrx_word' id='word_1_85' title='bbox 314 1045 627 1095; x_wconf 79' lang='lat' dir='ltr'>existentibus,</span> <span class='ocrx_word' id='word_1_86' title='bbox 669 1052 709 1085; x_wconf 90' lang='lat' dir='ltr'>et</span> <span class='ocrx_word' id='word_1_87' title='bbox 742 1052 834 1085; x_wconf 87' lang='lat' dir='ltr'>tam</span> <span class='ocrx_word' id='word_1_88' title='bbox 866 1045 1155 1099; x_wconf 88' lang='lat' dir='ltr'>presentibus</span> <span class='ocrx_word' id='word_1_89' title='bbox 1187 1059 1323 1100; x_wconf 90' lang='lat' dir='ltr'>quam</span> <span class='ocrx_word' id='word_1_90' title='bbox 1361 1046 1541 1096; x_wconf 82' lang='lat' dir='ltr'>futuris,</span> <span class='ocrx_word' id='word_1_91' title='bbox 1580 1059 1607 1086; x_wconf 90' lang='lat' dir='ltr'>a</span> 
     </span>
     <span class='ocr_line' id='line_1_14' title="bbox 73 1112 1606 1168; baseline 0 -14"><span class='ocrx_word' id='word_1_92' title='bbox 73 1113 439 1167; x_wconf 89' lang='lat' dir='ltr'>quibuscumque</span> <span class='ocrx_word' id='word_1_93' title='bbox 470 1114 679 1166; x_wconf 90' lang='lat' dir='ltr'>personis</span> <span class='ocrx_word' id='word_1_94' title='bbox 711 1113 1039 1168; x_wconf 89' lang='lat' dir='ltr'>cuiuscumque</span> <span class='ocrx_word' id='word_1_95' title='bbox 1070 1114 1211 1154; x_wconf 90' lang='lat' dir='ltr'>eciam</span> <span class='ocrx_word' id='word_1_96' title='bbox 1241 1112 1606 1167; x_wconf 91' lang='lat' dir='ltr'>preheminencie</span> 
     </span>
     <span class='ocr_line' id='line_1_15' title="bbox 73 1179 1604 1235; baseline 0 -16"><span class='ocrx_word' id='word_1_97' title='bbox 73 1179 700 1235; x_wconf 88' lang='lat' dir='ltr'>gradus,status,dignitatis,</span> <span class='ocrx_word' id='word_1_98' title='bbox 729 1180 1014 1222; x_wconf 91' lang='lat' dir='ltr'>condicionis</span> <span class='ocrx_word' id='word_1_99' title='bbox 1037 1181 1109 1221; x_wconf 92' lang='lat' dir='ltr'>uel</span> <span class='ocrx_word' id='word_1_100' title='bbox 1136 1180 1372 1234; x_wconf 84' lang='lat' dir='ltr'>religionis</span> <span class='ocrx_word' id='word_1_101' title='bbox 1393 1181 1604 1232; x_wconf 85' lang='lat' dir='ltr'>existant,</span> 
     </span>
     <span class='ocr_line' id='line_1_16' title="bbox 74 1248 1607 1303; baseline -0.001 -14"><span class='ocrx_word' id='word_1_102' title='bbox 74 1249 216 1289; x_wconf 90' lang='lat' dir='ltr'>eciam</span> <span class='ocrx_word' id='word_1_103' title='bbox 255 1249 491 1303; x_wconf 91' lang='lat' dir='ltr'>utriusque</span> <span class='ocrx_word' id='word_1_104' title='bbox 533 1262 693 1299; x_wconf 87' lang='lat' dir='ltr'>sexus;</span> <span class='ocrx_word' id='word_1_105' title='bbox 733 1262 1046 1303; x_wconf 89' lang='lat' dir='ltr'>quascumque</span> <span class='ocrx_word' id='word_1_106' title='bbox 1090 1248 1304 1303; x_wconf 89' lang='lat' dir='ltr'>reliquias</span> <span class='ocrx_word' id='word_1_107' title='bbox 1346 1256 1607 1290; x_wconf 88' lang='lat' dir='ltr'>sanctorum</span> 
     </span>
     <span class='ocr_line' id='line_1_17' title="bbox 73 1317 1608 1373; baseline 0 -15"><span class='ocrx_word' id='word_1_108' title='bbox 73 1317 138 1358; x_wconf 89' lang='lat' dir='ltr'>eis</span> <span class='ocrx_word' id='word_1_109' title='bbox 148 1317 627 1370; x_wconf 90' lang='lat' dir='ltr'>uelcuilibetipsorum</span> <span class='ocrx_word' id='word_1_110' title='bbox 653 1317 804 1373; x_wconf 84' lang='lat' dir='ltr'>gracie</span> <span class='ocrx_word' id='word_1_111' title='bbox 828 1317 1006 1359; x_wconf 89' lang='lat' dir='ltr'>oblatas</span> <span class='ocrx_word' id='word_1_112' title='bbox 1024 1324 1160 1371; x_wconf 89' lang='lat' dir='ltr'>atque</span> <span class='ocrx_word' id='word_1_113' title='bbox 1180 1317 1608 1370; x_wconf 82' lang='lat' dir='ltr'>exhibitas,absque</span> 
     </span>
     <span class='ocr_line' id='line_1_18' title="bbox 74 1385 1609 1441; baseline 0 -16"><span class='ocrx_word' id='word_1_114' title='bbox 74 1393 225 1427; x_wconf 90' lang='lat' dir='ltr'>tamen</span> <span class='ocrx_word' id='word_1_115' title='bbox 253 1385 407 1440; x_wconf 88' lang='lat' dir='ltr'>aliqua</span> <span class='ocrx_word' id='word_1_116' title='bbox 435 1386 590 1427; x_wconf 91' lang='lat' dir='ltr'>illicita</span> <span class='ocrx_word' id='word_1_117' title='bbox 614 1386 831 1441; x_wconf 90' lang='lat' dir='ltr'>paccione</span> <span class='ocrx_word' id='word_1_118' title='bbox 859 1386 931 1427; x_wconf 90' lang='lat' dir='ltr'>uel</span> <span class='ocrx_word' id='word_1_119' title='bbox 957 1386 1207 1428; x_wconf 90' lang='lat' dir='ltr'>simoniaca</span> <span class='ocrx_word' id='word_1_120' title='bbox 1236 1385 1474 1439; x_wconf 88' lang='lat' dir='ltr'>prauitate,</span> <span class='ocrx_word' id='word_1_121' title='bbox 1507 1385 1609 1426; x_wconf 91' lang='lat' dir='ltr'>reci-</span> 
     </span>
     <span class='ocr_line' id='line_1_19' title="bbox 73 1454 1606 1508; baseline -0.001 -14"><span class='ocrx_word' id='word_1_122' title='bbox 73 1467 178 1508; x_wconf 90' lang='lat' dir='ltr'>pere</span> <span class='ocrx_word' id='word_1_123' title='bbox 206 1461 247 1494; x_wconf 93' lang='lat' dir='ltr'>et</span> <span class='ocrx_word' id='word_1_124' title='bbox 279 1455 467 1495; x_wconf 87' lang='lat' dir='ltr'>retinere</span> <span class='ocrx_word' id='word_1_125' title='bbox 497 1461 539 1494; x_wconf 95' lang='lat' dir='ltr'>et</span> <span class='ocrx_word' id='word_1_126' title='bbox 567 1455 611 1494; x_wconf 91' lang='lat' dir='ltr'>in</span> <span class='ocrx_word' id='word_1_127' title='bbox 641 1454 812 1496; x_wconf 89' lang='lat' dir='ltr'>eisdem</span> <span class='ocrx_word' id='word_1_128' title='bbox 844 1454 1134 1496; x_wconf 90' lang='lat' dir='ltr'>monasteriis</span> <span class='ocrx_word' id='word_1_129' title='bbox 1158 1455 1256 1496; x_wconf 90' lang='lat' dir='ltr'>siue</span> <span class='ocrx_word' id='word_1_130' title='bbox 1282 1454 1393 1496; x_wconf 92' lang='lat' dir='ltr'>locis</span> <span class='ocrx_word' id='word_1_131' title='bbox 1418 1454 1606 1495; x_wconf 87' lang='lat' dir='ltr'>honeste</span> 
     </span>
     <span class='ocr_line' id='line_1_20' title="bbox 72 1520 1608 1575; baseline 0 -13"><span class='ocrx_word' id='word_1_132' title='bbox 72 1521 293 1563; x_wconf 89' lang='lat' dir='ltr'>collocare</span> <span class='ocrx_word' id='word_1_133' title='bbox 319 1521 500 1562; x_wconf 88' lang='lat' dir='ltr'>ualeant</span> <span class='ocrx_word' id='word_1_134' title='bbox 524 1530 565 1562; x_wconf 91' lang='lat' dir='ltr'>et</span> <span class='ocrx_word' id='word_1_135' title='bbox 589 1521 782 1562; x_wconf 90' lang='lat' dir='ltr'>debeant</span> <span class='ocrx_word' id='word_1_136' title='bbox 805 1521 1055 1572; x_wconf 83' lang='lat' dir='ltr'>licenciam,</span> <span class='ocrx_word' id='word_1_137' title='bbox 1082 1521 1340 1575; x_wconf 88' lang='lat' dir='ltr'>dignemini</span> <span class='ocrx_word' id='word_1_138' title='bbox 1362 1520 1608 1563; x_wconf 89' lang='lat' dir='ltr'>concedere</span> 
     </span>
     <span class='ocr_line' id='line_1_21' title="bbox 75 1589 1607 1645; baseline 0.001 -16"><span class='ocrx_word' id='word_1_139' title='bbox 75 1590 280 1645; x_wconf 92' lang='lat' dir='ltr'>graciose</span> <span class='ocrx_word' id='word_1_140' title='bbox 306 1590 360 1630; x_wconf 90' lang='lat' dir='ltr'>de</span> <span class='ocrx_word' id='word_1_141' title='bbox 388 1590 542 1644; x_wconf 85' lang='lat' dir='ltr'>gracia</span> <span class='ocrx_word' id='word_1_142' title='bbox 571 1590 772 1643; x_wconf 88' lang='lat' dir='ltr'>speciali,</span> <span class='ocrx_word' id='word_1_143' title='bbox 803 1589 1215 1631; x_wconf 89' lang='lat' dir='ltr'>constitucionibus</span> <span class='ocrx_word' id='word_1_144' title='bbox 1239 1598 1280 1631; x_wconf 89' lang='lat' dir='ltr'>et</span> <span class='ocrx_word' id='word_1_145' title='bbox 1303 1589 1607 1631; x_wconf 89' lang='lat' dir='ltr'>ordinacioni-</span> 
     </span>
     <span class='ocr_line' id='line_1_22' title="bbox 75 1657 1607 1713; baseline -0.002 -13"><span class='ocrx_word' id='word_1_146' title='bbox 75 1660 162 1700; x_wconf 89' lang='lat' dir='ltr'>bus</span> <span class='ocrx_word' id='word_1_147' title='bbox 194 1658 460 1712; x_wconf 89' lang='lat' dir='ltr'>apostolicis</span> <span class='ocrx_word' id='word_1_148' title='bbox 493 1666 534 1699; x_wconf 91' lang='lat' dir='ltr'>et</span> <span class='ocrx_word' id='word_1_149' title='bbox 567 1658 669 1699; x_wconf 92' lang='lat' dir='ltr'>aliis</span> <span class='ocrx_word' id='word_1_150' title='bbox 703 1658 942 1699; x_wconf 90' lang='lat' dir='ltr'>contrariis</span> <span class='ocrx_word' id='word_1_151' title='bbox 974 1672 1065 1699; x_wconf 92' lang='lat' dir='ltr'>non</span> <span class='ocrx_word' id='word_1_152' title='bbox 1099 1658 1392 1700; x_wconf 88' lang='lat' dir='ltr'>obstantibus</span> <span class='ocrx_word' id='word_1_153' title='bbox 1421 1657 1607 1713; x_wconf 90' lang='lat' dir='ltr'>quibus-</span> 
     </span>
     <span class='ocr_line' id='line_1_23' title="bbox 76 1726 1012 1781; baseline 0.001 -13"><span class='ocrx_word' id='word_1_154' title='bbox 76 1740 284 1781; x_wconf 88' lang='lat' dir='ltr'>cumque,</span> <span class='ocrx_word' id='word_1_155' title='bbox 316 1734 357 1767; x_wconf 93' lang='lat' dir='ltr'>et</span> <span class='ocrx_word' id='word_1_156' title='bbox 385 1740 487 1768; x_wconf 93' lang='lat' dir='ltr'>cum</span> <span class='ocrx_word' id='word_1_157' title='bbox 510 1726 730 1768; x_wconf 88' lang='lat' dir='ltr'>clausulis</span> <span class='ocrx_word' id='word_1_158' title='bbox 754 1727 1012 1779; x_wconf 87' lang='lat' dir='ltr'>oportunis.</span> 
     </span>
    </p>

    <p class='ocr_par' dir='ltr' id='par_1_3' title="bbox 75 1794 1612 2805">
     <span class='ocr_line' id='line_1_24' title="bbox 134 1794 1608 1850; baseline -0.001 -15"><span class='ocrx_word' id='word_1_159' title='bbox 134 1795 262 1846; x_wconf 88' lang='lat' dir='ltr'>Item,</span> <span class='ocrx_word' id='word_1_160' title='bbox 285 1795 545 1836; x_wconf 89' lang='lat' dir='ltr'>beatissime</span> <span class='ocrx_word' id='word_1_161' title='bbox 564 1801 704 1848; x_wconf 90' lang='lat' dir='ltr'>pater,</span> <span class='ocrx_word' id='word_1_162' title='bbox 730 1808 832 1836; x_wconf 91' lang='lat' dir='ltr'>cum</span> <span class='ocrx_word' id='word_1_163' title='bbox 852 1795 907 1835; x_wconf 93' lang='lat' dir='ltr'>de</span> <span class='ocrx_word' id='word_1_164' title='bbox 927 1794 1020 1835; x_wconf 90' lang='lat' dir='ltr'>uita</span> <span class='ocrx_word' id='word_1_165' title='bbox 1039 1802 1080 1835; x_wconf 91' lang='lat' dir='ltr'>et</span> <span class='ocrx_word' id='word_1_166' title='bbox 1101 1795 1258 1850; x_wconf 88' lang='lat' dir='ltr'>gestis,</span> <span class='ocrx_word' id='word_1_167' title='bbox 1281 1794 1372 1849; x_wconf 91' lang='lat' dir='ltr'>piis</span> <span class='ocrx_word' id='word_1_168' title='bbox 1391 1794 1608 1847; x_wconf 90' lang='lat' dir='ltr'>operibus</span> 
     </span>
     <span class='ocr_line' id='line_1_25' title="bbox 75 1861 1608 1918; baseline -0.003 -14"><span class='ocrx_word' id='word_1_169' title='bbox 75 1872 211 1918; x_wconf 91' lang='lat' dir='ltr'>atque</span> <span class='ocrx_word' id='word_1_170' title='bbox 260 1863 491 1905; x_wconf 90' lang='lat' dir='ltr'>miraculis</span> <span class='ocrx_word' id='word_1_171' title='bbox 540 1870 695 1904; x_wconf 88' lang='lat' dir='ltr'>sancte</span> <span class='ocrx_word' id='word_1_172' title='bbox 748 1863 953 1917; x_wconf 84' lang='lat' dir='ltr'>Brigide,</span> <span class='ocrx_word' id='word_1_173' title='bbox 1001 1876 1079 1916; x_wconf 90' lang='lat' dir='ltr'>per</span> <span class='ocrx_word' id='word_1_174' title='bbox 1114 1876 1212 1903; x_wconf 89' lang='lat' dir='ltr'>eam</span> <span class='ocrx_word' id='word_1_175' title='bbox 1261 1871 1352 1903; x_wconf 87' lang='lat' dir='ltr'>tarn</span> <span class='ocrx_word' id='word_1_176' title='bbox 1401 1862 1511 1903; x_wconf 88' lang='lat' dir='ltr'>dum</span> <span class='ocrx_word' id='word_1_177' title='bbox 1563 1861 1608 1901; x_wconf 93' lang='lat' dir='ltr'>in</span> 
     </span>
     <span class='ocr_line' id='line_1_26' title="bbox 75 1931 1608 1986; baseline -0.002 -14"><span class='ocrx_word' id='word_1_178' title='bbox 75 1932 290 1974; x_wconf 88' lang='lat' dir='ltr'>humanis</span> <span class='ocrx_word' id='word_1_179' title='bbox 314 1932 480 1986; x_wconf 91' lang='lat' dir='ltr'>agebat</span> <span class='ocrx_word' id='word_1_180' title='bbox 505 1946 642 1986; x_wconf 88' lang='lat' dir='ltr'>quarn</span> <span class='ocrx_word' id='word_1_181' title='bbox 666 1939 868 1984; x_wconf 91' lang='lat' dir='ltr'>tempore</span> <span class='ocrx_word' id='word_1_182' title='bbox 891 1944 970 1972; x_wconf 89' lang='lat' dir='ltr'>sue</span> <span class='ocrx_word' id='word_1_183' title='bbox 997 1931 1154 1972; x_wconf 89' lang='lat' dir='ltr'>mortis</span> <span class='ocrx_word' id='word_1_184' title='bbox 1177 1944 1313 1985; x_wconf 89' lang='lat' dir='ltr'>quam</span> <span class='ocrx_word' id='word_1_185' title='bbox 1338 1931 1479 1971; x_wconf 88' lang='lat' dir='ltr'>eciam</span> <span class='ocrx_word' id='word_1_186' title='bbox 1504 1936 1608 1984; x_wconf 91' lang='lat' dir='ltr'>post</span> 
     </span>
     <span class='ocr_line' id='line_1_27' title="bbox 77 1997 1610 2050; baseline -0.003 -10"><span class='ocrx_word' id='word_1_187' title='bbox 77 2007 282 2050; x_wconf 90' lang='lat' dir='ltr'>mortem,</span> <span class='ocrx_word' id='word_1_188' title='bbox 311 2000 370 2040; x_wconf 90' lang='lat' dir='ltr'>ad</span> <span class='ocrx_word' id='word_1_189' title='bbox 395 1999 665 2040; x_wconf 87' lang='lat' dir='ltr'>instanciam</span> <span class='ocrx_word' id='word_1_190' title='bbox 696 1998 1021 2039; x_wconf 91' lang='lat' dir='ltr'>nonnullorum</span> <span class='ocrx_word' id='word_1_191' title='bbox 1051 1998 1222 2039; x_wconf 90' lang='lat' dir='ltr'>Christi</span> <span class='ocrx_word' id='word_1_192' title='bbox 1252 1997 1471 2049; x_wconf 87' lang='lat' dir='ltr'>fidelium,</span> <span class='ocrx_word' id='word_1_193' title='bbox 1500 2005 1610 2037; x_wconf 91' lang='lat' dir='ltr'>tem-</span> 
     </span>
     <span class='ocr_line' id='line_1_28' title="bbox 76 2063 1610 2122; baseline -0.003 -13"><span class='ocrx_word' id='word_1_194' title='bbox 76 2082 185 2122; x_wconf 87' lang='lat' dir='ltr'>pore</span> <span class='ocrx_word' id='word_1_195' title='bbox 206 2067 438 2122; x_wconf 90' lang='lat' dir='ltr'>pontificis</span> <span class='ocrx_word' id='word_1_196' title='bbox 456 2067 688 2122; x_wconf 87' lang='lat' dir='ltr'>quoddam</span> <span class='ocrx_word' id='word_1_197' title='bbox 711 2064 1157 2119; x_wconf 84' lang='lat' dir='ltr'>BonifaciiPapeIX</span> <span class='ocrx_word' id='word_1_198' title='bbox 1178 2067 1222 2106; x_wconf 90' lang='lat' dir='ltr'>in</span> <span class='ocrx_word' id='word_1_199' title='bbox 1242 2079 1325 2108; x_wconf 90' lang='lat' dir='ltr'>sua</span> <span class='ocrx_word' id='word_1_200' title='bbox 1343 2063 1610 2107; x_wconf 90' lang='lat' dir='ltr'>obediencia</span> 
     </span>
     <span class='ocr_line' id='line_1_29' title="bbox 77 2133 1610 2189; baseline -0.002 -12"><span class='ocrx_word' id='word_1_201' title='bbox 77 2137 344 2189; x_wconf 87' lang='lat' dir='ltr'>nuncupati,</span> <span class='ocrx_word' id='word_1_202' title='bbox 359 2136 476 2178; x_wconf 85' lang='lat' dir='ltr'>facta</span> <span class='ocrx_word' id='word_1_203' title='bbox 496 2144 611 2177; x_wconf 89' lang='lat' dir='ltr'>esset</span> <span class='ocrx_word' id='word_1_204' title='bbox 632 2136 894 2177; x_wconf 89' lang='lat' dir='ltr'>commissio</span> <span class='ocrx_word' id='word_1_205' title='bbox 918 2134 1155 2176; x_wconf 91' lang='lat' dir='ltr'>nonnullis</span> <span class='ocrx_word' id='word_1_206' title='bbox 1175 2133 1498 2184; x_wconf 88' lang='lat' dir='ltr'>cardinalibus,</span> <span class='ocrx_word' id='word_1_207' title='bbox 1513 2134 1610 2174; x_wconf 92' lang='lat' dir='ltr'>siue</span> 
     </span>
     <span class='ocr_line' id='line_1_30' title="bbox 76 2202 1609 2259; baseline -0.003 -14"><span class='ocrx_word' id='word_1_208' title='bbox 76 2219 160 2259; x_wconf 89' lang='lat' dir='ltr'>pro</span> <span class='ocrx_word' id='word_1_209' title='bbox 192 2205 504 2247; x_wconf 88' lang='lat' dir='ltr'>cardinalibus</span> <span class='ocrx_word' id='word_1_210' title='bbox 535 2218 582 2245; x_wconf 88' lang='lat' dir='ltr'>se</span> <span class='ocrx_word' id='word_1_211' title='bbox 616 2211 837 2259; x_wconf 88' lang='lat' dir='ltr'>gerentes,</span> <span class='ocrx_word' id='word_1_212' title='bbox 872 2210 913 2244; x_wconf 87' lang='lat' dir='ltr'>et</span> <span class='ocrx_word' id='word_1_213' title='bbox 941 2203 1098 2244; x_wconf 90' lang='lat' dir='ltr'>ceteris</span> <span class='ocrx_word' id='word_1_214' title='bbox 1125 2203 1226 2244; x_wconf 89' lang='lat' dir='ltr'>aliis</span> <span class='ocrx_word' id='word_1_215' title='bbox 1255 2202 1440 2257; x_wconf 91' lang='lat' dir='ltr'>prelatis</span> <span class='ocrx_word' id='word_1_216' title='bbox 1471 2214 1609 2255; x_wconf 90' lang='lat' dir='ltr'>super</span> 
     </span>
     <span class='ocr_line' id='line_1_31' title="bbox 77 2268 1611 2326; baseline -0.003 -13"><span class='ocrx_word' id='word_1_217' title='bbox 77 2272 340 2313; x_wconf 91' lang='lat' dir='ltr'>huiusmodi</span> <span class='ocrx_word' id='word_1_218' title='bbox 364 2272 472 2322; x_wconf 88' lang='lat' dir='ltr'>uita,</span> <span class='ocrx_word' id='word_1_219' title='bbox 488 2271 748 2326; x_wconf 84' lang='lat' dir='ltr'>gestis,piis</span> <span class='ocrx_word' id='word_1_220' title='bbox 767 2270 983 2324; x_wconf 88' lang='lat' dir='ltr'>operibus</span> <span class='ocrx_word' id='word_1_221' title='bbox 1006 2277 1141 2324; x_wconf 89' lang='lat' dir='ltr'>atque</span> <span class='ocrx_word' id='word_1_222' title='bbox 1161 2268 1406 2321; x_wconf 87' lang='lat' dir='ltr'>miraculis,</span> <span class='ocrx_word' id='word_1_223' title='bbox 1431 2268 1611 2322; x_wconf 91' lang='lat' dir='ltr'>ipsique</span> 
     </span>
     <span class='ocr_line' id='line_1_32' title="bbox 77 2336 1611 2392; baseline -0.002 -11"><span class='ocrx_word' id='word_1_224' title='bbox 77 2341 344 2391; x_wconf 89' lang='lat' dir='ltr'>cardinales,</span> <span class='ocrx_word' id='word_1_225' title='bbox 374 2340 527 2381; x_wconf 86' lang='lat' dir='ltr'>habita</span> <span class='ocrx_word' id='word_1_226' title='bbox 553 2340 881 2381; x_wconf 84' lang='lat' dir='ltr'>informacione</span> <span class='ocrx_word' id='word_1_227' title='bbox 902 2339 958 2380; x_wconf 91' lang='lat' dir='ltr'>de</span> <span class='ocrx_word' id='word_1_228' title='bbox 983 2338 1219 2392; x_wconf 90' lang='lat' dir='ltr'>premissis</span> <span class='ocrx_word' id='word_1_229' title='bbox 1245 2346 1286 2379; x_wconf 92' lang='lat' dir='ltr'>et</span> <span class='ocrx_word' id='word_1_230' title='bbox 1311 2336 1611 2380; x_wconf 90' lang='lat' dir='ltr'>consideratis</span> 
     </span>
     <span class='ocr_line' id='line_1_33' title="bbox 79 2405 1612 2464; baseline -0.003 -13"><span class='ocrx_word' id='word_1_231' title='bbox 79 2410 225 2464; x_wconf 88' lang='lat' dir='ltr'>ipsius</span> <span class='ocrx_word' id='word_1_232' title='bbox 270 2418 422 2451; x_wconf 92' lang='lat' dir='ltr'>sancte</span> <span class='ocrx_word' id='word_1_233' title='bbox 475 2409 664 2463; x_wconf 82' lang='lat' dir='ltr'>Brigide</span> <span class='ocrx_word' id='word_1_234' title='bbox 714 2408 912 2463; x_wconf 91' lang='lat' dir='ltr'>gaudiis,</span> <span class='ocrx_word' id='word_1_235' title='bbox 965 2407 1225 2459; x_wconf 85' lang='lat' dir='ltr'>uirtutibus,</span> <span class='ocrx_word' id='word_1_236' title='bbox 1279 2407 1466 2458; x_wconf 90' lang='lat' dir='ltr'>meritis,</span> <span class='ocrx_word' id='word_1_237' title='bbox 1522 2405 1612 2461; x_wconf 90' lang='lat' dir='ltr'>piis</span> 
     </span>
     <span class='ocr_line' id='line_1_34' title="bbox 76 2476 1611 2533; baseline -0.003 -13"><span class='ocrx_word' id='word_1_238' title='bbox 76 2479 293 2533; x_wconf 91' lang='lat' dir='ltr'>operibus</span> <span class='ocrx_word' id='word_1_239' title='bbox 337 2485 472 2533; x_wconf 88' lang='lat' dir='ltr'>atque</span> <span class='ocrx_word' id='word_1_240' title='bbox 519 2492 655 2533; x_wconf 92' lang='lat' dir='ltr'>quam</span> <span class='ocrx_word' id='word_1_241' title='bbox 703 2477 915 2531; x_wconf 90' lang='lat' dir='ltr'>pluribus</span> <span class='ocrx_word' id='word_1_242' title='bbox 962 2476 1064 2517; x_wconf 92' lang='lat' dir='ltr'>aliis</span> <span class='ocrx_word' id='word_1_243' title='bbox 1109 2476 1354 2527; x_wconf 87' lang='lat' dir='ltr'>miraculis,</span> <span class='ocrx_word' id='word_1_244' title='bbox 1406 2482 1611 2529; x_wconf 90' lang='lat' dir='ltr'>tempore</span> 
     </span>
     <span class='ocr_line' id='line_1_35' title="bbox 76 2541 1608 2588; baseline -0.003 -1"><span class='ocrx_word' id='word_1_245' title='bbox 76 2546 340 2588; x_wconf 90' lang='lat' dir='ltr'>huiusmodi</span> <span class='ocrx_word' id='word_1_246' title='bbox 386 2545 730 2586; x_wconf 83' lang='lat' dir='ltr'>informacionis</span> <span class='ocrx_word' id='word_1_247' title='bbox 774 2551 816 2585; x_wconf 91' lang='lat' dir='ltr'>et</span> <span class='ocrx_word' id='word_1_248' title='bbox 861 2543 1006 2584; x_wconf 91' lang='lat' dir='ltr'>eidem</span> <span class='ocrx_word' id='word_1_249' title='bbox 1053 2543 1295 2584; x_wconf 82' lang='lat' dir='ltr'>Bonifacio</span> <span class='ocrx_word' id='word_1_250' title='bbox 1338 2543 1457 2583; x_wconf 82' lang='lat' dir='ltr'>facta</span> <span class='ocrx_word' id='word_1_251' title='bbox 1500 2541 1608 2582; x_wconf 88' lang='lat' dir='ltr'>rela-</span> 
     </span>
     <span class='ocr_line' id='line_1_36' title="bbox 77 2610 1610 2666; baseline -0.004 -12"><span class='ocrx_word' id='word_1_252' title='bbox 77 2614 207 2655; x_wconf 91' lang='lat' dir='ltr'>cione</span> <span class='ocrx_word' id='word_1_253' title='bbox 249 2614 304 2654; x_wconf 91' lang='lat' dir='ltr'>de</span> <span class='ocrx_word' id='word_1_254' title='bbox 349 2612 599 2666; x_wconf 90' lang='lat' dir='ltr'>premissis,</span> <span class='ocrx_word' id='word_1_255' title='bbox 650 2613 746 2665; x_wconf 89' lang='lat' dir='ltr'>ipse</span> <span class='ocrx_word' id='word_1_256' title='bbox 794 2610 1076 2661; x_wconf 79' lang='lat' dir='ltr'>Bonifacius,</span> <span class='ocrx_word' id='word_1_257' title='bbox 1122 2610 1343 2664; x_wconf 89' lang='lat' dir='ltr'>premissa</span> <span class='ocrx_word' id='word_1_258' title='bbox 1385 2610 1458 2664; x_wconf 91' lang='lat' dir='ltr'>pie</span> <span class='ocrx_word' id='word_1_259' title='bbox 1508 2621 1610 2650; x_wconf 92' lang='lat' dir='ltr'>con-</span> 
     </span>
     <span class='ocr_line' id='line_1_37' title="bbox 77 2679 1609 2735; baseline -0.003 -12"><span class='ocrx_word' id='word_1_260' title='bbox 77 2683 298 2733; x_wconf 89' lang='lat' dir='ltr'>siderans,</span> <span class='ocrx_word' id='word_1_261' title='bbox 365 2682 511 2735; x_wconf 88' lang='lat' dir='ltr'>ipsam</span> <span class='ocrx_word' id='word_1_262' title='bbox 575 2688 779 2722; x_wconf 90' lang='lat' dir='ltr'>sanctam</span> <span class='ocrx_word' id='word_1_263' title='bbox 845 2679 1083 2733; x_wconf 86' lang='lat' dir='ltr'>Brigidam</span> <span class='ocrx_word' id='word_1_264' title='bbox 1148 2679 1243 2720; x_wconf 86' lang='lat' dir='ltr'>fore</span> <span class='ocrx_word' id='word_1_265' title='bbox 1305 2685 1509 2721; x_wconf 88' lang='lat' dir='ltr'>sanctam</span> <span class='ocrx_word' id='word_1_266' title='bbox 1567 2685 1609 2718; x_wconf 94' lang='lat' dir='ltr'>et</span> 
     </span>
     <span class='ocr_line' id='line_1_38' title="bbox 76 2747 1607 2805; baseline -0.003 -13"><span class='ocrx_word' id='word_1_267' title='bbox 76 2752 121 2792; x_wconf 92' lang='lat' dir='ltr'>in</span> <span class='ocrx_word' id='word_1_268' title='bbox 166 2750 410 2805; x_wconf 88' lang='lat' dir='ltr'>cathalogo</span> <span class='ocrx_word' id='word_1_269' title='bbox 451 2750 643 2791; x_wconf 89' lang='lat' dir='ltr'>aliorum</span> <span class='ocrx_word' id='word_1_270' title='bbox 687 2756 947 2790; x_wconf 88' lang='lat' dir='ltr'>sanctorum</span> <span class='ocrx_word' id='word_1_271' title='bbox 992 2756 1033 2789; x_wconf 88' lang='lat' dir='ltr'>et</span> <span class='ocrx_word' id='word_1_272' title='bbox 1076 2756 1335 2789; x_wconf 85' lang='lat' dir='ltr'>sanctarum</span> <span class='ocrx_word' id='word_1_273' title='bbox 1381 2747 1467 2788; x_wconf 92' lang='lat' dir='ltr'>Dei</span> <span class='ocrx_word' id='word_1_274' title='bbox 1512 2747 1607 2788; x_wconf 91' lang='lat' dir='ltr'>fore</span> 
     </span>
    </p>
   </div>
  </div>
 </body>
</html>
