1881 2985
99 779 123 813 f.
143 781 185 812 88

199 192 266 237 238
331 190 695 226 INSTRUCTION
731 189 804 224 ΟΝ
839 188 951 224 THE
987 183 1447 222 CONTEMPLATIVE
1480 183 1605 220 LIFE

204 324 289 352 sua
316 309 413 350 uita
439 308 684 350 detinetur.
750 305 895 346 Porro
919 304 964 344 in
993 302 1194 345 claritate
1222 310 1264 342 et
1293 302 1401 356 igne
1429 299 1630 341 manebit
1657 311 1736 340 cor

203 378 315 426 eius,
333 384 375 418 et
394 377 439 417 in
460 374 714 416 mirabilem
734 371 977 412 melodiam
997 368 1328 412 subleuabitur.
1379 367 1485 408 Non
1507 366 1714 420 respiciet
1728 364 1743 390 1

206 457 449 501 personam
494 438 707 489 hominis,
744 440 846 480 ideo
886 452 913 478 a
959 436 1172 490 pluribus
1216 434 1383 476 stultus
1428 433 1501 475 uel
1543 433 1740 475 rusticus

209 517 454 564 reputatur.
552 508 673 563 Quia
715 507 864 547 Deum
906 505 950 545 in
989 516 1157 546 canora
1206 501 1480 543 iubilacione
1519 499 1737 547 laudabit,

209 578 390 618 laudem
415 577 537 617 enim
569 575 654 615 Dei
681 588 735 615 ex
766 571 939 614 intimis
967 570 1218 626 precordiis
1239 576 1424 620 eructat,
1455 576 1497 610 et
1525 582 1616 610 uox
1641 568 1739 609 eius

208 644 471 686 dulcissona
505 643 550 683 in
583 640 772 682 excelsis
805 652 950 694 usque
982 638 1203 693 peruenit,
1238 650 1376 691 quam
1408 636 1566 677 audire
1594 635 1738 677 delec-

210 719 329 752 tatur
354 711 565 752 maiestas
589 708 763 750 diuina.

269 779 448 819 Faciem
496 777 631 817 habet
678 776 899 824 decorem,
946 773 1078 815 cuius
1105 773 1303 826 speciem
1338 785 1414 812 rex
1445 768 1740 823 concupiscit,

210 845 332 886 uncle
359 852 400 885 et
428 844 706 898 sapienciam
737 843 982 883 increatam
1011 841 1056 881 in
1084 854 1132 882 se
1158 847 1295 881 tenet.
1380 837 1598 879 Trahitur
1619 836 1740 877 enim

212 911 443 965 sapiencia
481 925 534 952 ex
567 910 768 958 occultis,
805 917 846 950 et
884 909 1043 950 delicie
1079 921 1160 949 sue
1196 920 1294 948 esse
1326 920 1429 947 cum
1461 904 1743 946 amatoribus

212 978 476 1028 eternitatis,
508 978 614 1032 quia
641 991 732 1018 non
758 977 990 1017 inuenitur
1016 976 1062 1016 in
1089 982 1205 1016 terra
1228 974 1429 1016 suauiter
1453 972 1742 1021 uiuencium3

214 1054 366 1087 manet
397 1053 548 1086 autem
583 1046 627 1085 in
667 1058 721 1085 eo
756 1044 812 1085 de
851 1057 944 1098 quo
979 1042 1170 1097 predixi,
1205 1042 1313 1096 quia
1350 1048 1473 1081 totus
1510 1040 1555 1079 in
1591 1050 1745 1079 amore

215 1113 387 1155 Christi
413 1113 635 1168 liquescit,
662 1120 703 1153 et
729 1112 883 1152 omnia
909 1111 1123 1152 interiora
1147 1111 1245 1152 eius
1264 1110 1322 1150 ad
1351 1109 1502 1149 Deum
1528 1108 1744 1149 clamant.

216 1181 402 1223 Clamor
430 1181 512 1222 iste
542 1193 670 1220 amor
699 1186 765 1220 est
794 1191 1001 1226 canorus,
1032 1178 1140 1232 quia
1166 1189 1383 1231 magnam
1410 1188 1569 1216 uocem
1599 1173 1746 1215 eleuat

216 1262 361 1303 usque
397 1248 455 1289 ad
490 1261 624 1288 aures
661 1247 777 1287 Dei:
816 1254 882 1287 est
918 1253 960 1286 et
996 1245 1272 1286 desiderium
1305 1243 1430 1294 boni,
1470 1242 1747 1295 affeccioque

217 1315 416 1356 uirtutis.
479 1313 666 1355 Clamor
698 1313 796 1355 eius
829 1320 955 1354 extra
984 1312 1208 1353 mundum
1240 1318 1320 1360 est,
1355 1310 1462 1366 quia
1491 1324 1620 1351 mens
1649 1309 1750 1350 eius

218 1381 332 1422 nihil
356 1388 503 1435 preter
526 1381 761 1422 Christum
785 1380 1083 1433 concupiscit.
1150 1379 1332 1434 Ignitus
1356 1386 1422 1420 est
1444 1379 1542 1420 eius
1564 1377 1749 1418 interior

220 1450 358 1491 homo
385 1451 492 1505 igne
524 1450 694 1490 amoris
727 1458 775 1490 ut
808 1449 864 1490 sit
897 1462 973 1490 cor
1004 1448 1102 1489 eius
1137 1448 1293 1489 lucens
1321 1454 1362 1487 et
1391 1460 1528 1488 urens
1560 1454 1602 1487 et
1635 1444 1750 1486 nihil

219 1518 418 1559 exterius
458 1524 578 1571 agat,
627 1517 750 1572 quod
798 1530 888 1557 non
936 1516 1081 1571 possit
1124 1515 1182 1556 ad
1229 1515 1402 1556 bonum
1447 1511 1746 1567 interpretari.

224 1586 401 1627 Laudat
454 1586 603 1626 Deum
656 1586 699 1625 in
752 1585 908 1635 iubilo,
948 1584 1027 1626 sed
1066 1584 1110 1624 in
1145 1584 1357 1633 silencio;
1396 1596 1487 1623 non
1524 1583 1583 1623 ad
1618 1594 1751 1622 aures

223 1654 462 1695 hominum
492 1654 571 1694 sed
603 1654 647 1693 in
678 1660 923 1706 conspectu
951 1652 1037 1692 Dei
1067 1659 1109 1692 et
1140 1651 1359 1692 ineffabili
1386 1651 1611 1693 suauitate
1639 1650 1752 1691 odas

222 1721 398 1768 emittit,
426 1721 470 1761 id
497 1729 561 1761 est
586 1720 758 1761 laudes.

887 1848 997 1891 CAP.
1023 1861 1095 1901 33.

228 1940 386 1996 (Quod
419 1941 644 1982 canticum
681 1939 916 1992 spirituale
954 1952 1044 1979 non
1084 1938 1357 1991 compatitur
1385 1936 1675 1985 exteriorem;
1715 1943 1757 1975 et

336 2006 455 2047 racio
481 2014 522 2046 et
550 2019 672 2046 error
698 2005 1138 2055 contradicencium;
1167 2013 1208 2046 et
1236 2005 1292 2045 de
1315 2004 1511 2046 sciencia
1537 2004 1689 2044 infusa
1714 2011 1757 2044 et

345 2074 576 2128 inspirata,
597 2075 830 2129 quomodo
851 2073 1001 2115 differt
1022 2075 1080 2115 ab
1102 2073 1369 2127 adquisita.)

345 2157 436 2199 Sed
459 2158 503 2198 in
527 2158 612 2199 hoc
632 2158 743 2199 sciat
766 2158 1040 2200 sublimatus
1063 2158 1108 2197 in
1126 2157 1362 2199 sanctitate
1386 2157 1509 2212 quod
1530 2157 1758 2198 canticum

232 2227 473 2280 experitur,
513 2226 567 2267 de
621 2240 712 2281 quo
762 2226 1053 2273 sermocinor,
1102 2226 1139 2266 si
1194 2239 1285 2265 non
1339 2225 1486 2265 ualeat
1537 2223 1760 2264 sustinere

232 2295 473 2335 clamorem
498 2293 799 2347 psallencium
826 2293 912 2334 nisi
936 2306 1073 2334 canor
1095 2293 1193 2333 eius
1218 2291 1401 2333 interior
1425 2291 1484 2332 ad
1509 2291 1759 2344 cogitatum

235 2361 480 2415 redigatur,
507 2368 548 2400 et
581 2361 822 2401 exteriora2
853 2360 912 2401 ad
942 2359 1186 2401 dicendum
1219 2359 1276 2400 sit
1308 2359 1532 2412 dilapsus.
1625 2355 1762 2411 Quod

235 2429 422 2483 quidam
460 2436 612 2468 autem
651 2429 766 2468 inter
797 2436 1031 2469 cantantes
1069 2426 1140 2467 uel
1178 2426 1565 2480 psalmodizantes
1601 2424 1763 2465 distra-

237 2496 408 2536 huntur
448 2496 492 2535 in
533 2509 615 2537 sua
654 2495 916 2542 deuocione,
966 2507 1057 2535 non
1106 2502 1172 2535 est
1225 2507 1279 2534 ex
1331 2493 1628 2547 perfeccione,
1683 2490 1763 2532 sed

240 2562 532 2604 instabilitate
562 2563 740 2610 mentis,
771 2562 877 2617 quia
903 2562 1096 2603 aliorum
1128 2561 1267 2602 uerba
1298 2561 1635 2613 interrumpunt
1657 2571 1766 2601 suas

239 2644 395 2684 preces
419 2638 461 2670 et
484 2630 788 2680 confundunt,
818 2630 940 2684 quod
963 2627 1146 2684 quidem
1171 2628 1383 2682 perfectis
1409 2641 1500 2669 non
1525 2625 1764 2680 contingit.

301 2721 327 2750 1.
345 2719 392 2760 (9)
421 2719 438 2731 “
456 2717 655 2759 respiciat.⁷’

299 2764 331 2794 2.
353 2761 457 2794 Short
479 2763 578 2793 texts
602 2760 813 2792 “interior.”
