1881 2985
508 159 619 196 THE
650 159 825 196 PEACE
856 159 923 194 OF
955 158 1104 195 HOLY
1135 159 1362 195 DESIRES
1635 161 1698 204 183

173 275 334 329 elegit;
389 281 430 315 et
469 275 546 315 alii
592 275 798 317 similiter
842 274 1088 328 elegerunt,
1133 280 1350 328 tanquam
1394 275 1565 316 locusta
1604 276 1694 330 qui,

173 340 350 382 dicente
390 340 649 390 Salomone,
687 343 847 383 ducem
884 348 926 382 et
969 353 1119 395 regem
1160 354 1213 381 ac
1254 348 1561 394 preceptorem
1604 354 1695 381 non

172 407 331 457 habet;
391 415 434 448 et
478 422 558 462 per
600 416 771 450 turmas
815 408 1046 463 egreditur
1092 408 1310 449 uirtutum
1348 415 1390 449 et
1429 408 1702 449 donorum.²

176 475 293 516 Sunt
329 482 479 516 autem
518 476 702 517 uincula
734 483 891 516 nature
920 482 962 516 et
998 474 1130 528 culpe
1163 488 1250 529 que
1283 475 1328 514 in
1364 475 1431 517 eis
1469 475 1699 516 Dominus

173 542 323 589 soluit,
351 549 391 582 et
422 543 604 584 uincula
632 543 830 584 caritatis
855 542 1154 583 confirmauit.
1218 542 1397 583 Domus
1421 542 1561 582 eciam
1594 541 1697 582 soli-

172 609 345 650 tudinis
379 616 524 663 potest
555 610 642 650 dici
677 610 805 664 quies
837 608 1062 663 pectoris,2
1100 610 1208 664 quia
1238 609 1381 651 sancti
1416 608 1643 656 heremite,
1673 621 1700 647 a

173 676 446 718 tumultibus
472 685 513 717 et
543 678 673 718 uiciis
702 678 840 719 seculi
873 677 1114 732 segregati,
1146 677 1416 719 suauitatem
1450 675 1567 717 clare
1591 688 1697 716 con-

172 743 365 784 sciencie
420 743 606 785 Christo
662 745 881 799 largiente
935 745 1178 798 accipiunt,
1233 752 1274 785 et
1331 744 1500 784 amoris
1557 741 1697 784 eterni

171 817 383 851 canentes
408 811 643 865 gaudium,
671 812 716 851 in
743 813 918 853 feruore
944 812 1239 853 amenissimo
1264 811 1413 852 refecti
1440 811 1695 866 quiescunt.

174 876 231 916 Et
270 878 481 931 quamuis
525 879 698 931 asperis
742 886 783 920 et
827 879 1034 920 aduersis
1078 879 1122 918 in
1166 891 1355 932 corpore
1395 877 1708 932 pungantur‚3

173 958 384 986 canorem
413 952 563 986 tamen
591 954 631 987 et
651 946 858 987 ardorem
888 947 933 986 in
957 946 1113 987 animo
1138 947 1329 987 retinent
1358 946 1641 987 inconcusse.

232 1011 312 1053 Est
331 1020 482 1053 autem
505 1020 547 1054 et
569 1013 688 1054 mala
710 1014 922 1061 solitudo,
946 1014 1115 1055 scilicet
1139 1014 1363 1067 superbie,
1388 1014 1575 1068 quando
1595 1013 1697 1068 quis

173 1079 244 1120 uel
276 1093 323 1120 se
359 1080 506 1122 solum
543 1080 708 1134 prefert
742 1081 856 1129 aliis,
894 1081 965 1122 uel
999 1081 1173 1123 uiribus
1205 1081 1333 1122 liberi
1370 1082 1543 1122 arbitrii
1574 1081 1696 1136 quod
1722 1090 1747 1124 f.
1767 1091 1808 1125 74

170 1145 305 1187 habet
332 1147 531 1188 ascribit.
597 1148 666 1187 De
698 1161 788 1202 quo
823 1148 988 1188 dicitur
1028 1148 1094 1189 Ue
1125 1148 1240 1189 soli:
1295 1149 1352 1189 Sz·
1390 1150 1582 1190 ceciderit
1623 1166 1705 1192 non

173 1215 306 1257 habet
336 1215 697 1257 subleuantem.4
757 1216 809 1256 In
838 1216 1065 1269 principio
1089 1223 1204 1257 certe
1234 1218 1550 1260 conuersionis
1575 1218 1700 1260 here-

171 1283 278 1323 mite
301 1285 410 1337 (non
434 1283 537 1324 dico
558 1283 769 1338 girouagi
786 1286 801 1309 ⁵
826 1283 903 1338 qui
927 1291 1033 1324 sunt
1054 1283 1321 1324 scandalum
1344 1282 1697 1334 heremitarum),

171 1351 328 1392 multis
366 1357 408 1390 et
447 1350 641 1391 diuersis
681 1350 1065 1403 temptacionibus
1104 1350 1370 1404 fatigantur.
1462 1349 1555 1391 Sed
1595 1355 1698 1404 post

170 1424 482 1470 tempestatem
513 1417 736 1458 malorum
766 1425 986 1465 motuum,
1022 1417 1149 1459 Deus
1180 1418 1466 1459 serenitatem
1497 1416 1698 1458 infundit

171 1492 430 1526 sanctorum
462 1485 785 1533 desiderorum‚
812 1492 859 1526 ut
885 1485 923 1526 si
955 1485 1143 1526 uiriliter
1171 1485 1463 1533 exercuerint,
1493 1485 1537 1525 in
1569 1484 1696 1525 lacri-

171 1552 352 1599 mando,
384 1552 647 1593 meditando
675 1559 717 1592 et
746 1552 922 1593 orando
949 1552 1098 1594 solum
1131 1552 1301 1594 Christi
1333 1566 1533 1594 amorem
1567 1566 1697 1608 quer-

168 1618 299 1666 endo,
328 1626 431 1672 post
463 1619 692 1660 modicum
727 1626 907 1673 tempus
935 1620 1084 1674 magis
1116 1620 1394 1662 uidebuntur
1424 1621 1510 1662 sibi
1542 1621 1696 1662 uiuere

169 1686 214 1726 in
263 1686 437 1727 deliciis
487 1700 623 1740 quarn
673 1687 717 1726 in
765 1687 963 1728 lacrimis
1013 1687 1084 1729 uel
1137 1688 1181 1727 in
1232 1688 1457 1728 anxietate
1508 1688 1694 1729 laboris.

170 1752 420 1794 Habebunt
451 1753 572 1794 enim
605 1767 739 1808 quem
770 1761 1052 1802 amauerunt,
1086 1768 1220 1809 quem
1251 1756 1526 1809 quesierunt,
1560 1767 1694 1810 quem

167 1819 538 1861 desiderauerunt
559 1835 568 1860 :
600 1828 641 1861 et
662 1828 769 1862 tunc
792 1822 1061 1875 gaudebunt
1081 1830 1123 1862 et
1149 1835 1239 1862 non
1267 1822 1504 1876 lugebunt.
1570 1820 1694 1875 Quid

167 1893 233 1927 est
271 1887 391 1927 enim
431 1887 642 1941 gaudere,
684 1888 769 1928 nisi
800 1895 1001 1930 amatum
1035 1889 1208 1930 bonum
1247 1889 1463 1934 obtinere,
1500 1888 1555 1929 de
1594 1888 1695 1941 ipso

164 1953 379 2007 cogitare,
414 1954 460 1994 in
499 1955 601 2008 ipso
637 1955 900 2009 quiescere?
975 1955 1146 1997 Suauis
1183 1956 1397 1998 nimirum
1438 1956 1694 1998 iocunditas

167 2020 244 2062 ubi
288 2034 391 2062 uere
433 2029 638 2063 amantes
675 2023 968 2070 conueniunt,
1013 2030 1055 2063 et
1094 2022 1276 2064 mutua⁶
1323 2032 1483 2066 assunt
1525 2025 1692 2066 solacia

163 2094 454 2129 contactuum
483 2089 763 2131 dilectorum.
828 2089 1152 2143 Inexplicabile
1183 2104 1380 2145 namque
1405 2099 1471 2133 est
1495 2091 1691 2132 desider-

167 2153 260 2195 ium
295 2154 502 2195 ardenter
534 2157 806 2204 amancium,
841 2164 883 2197 et
915 2164 1073 2198 mutua
1106 2158 1224 2199 uisio
1255 2165 1297 2198 et
1328 2158 1550 2200 allocucio
1580 2157 1691 2212 ipsis

166 2220 336 2262 dulcis⁷
368 2229 434 2262 est
461 2236 597 2275 super
627 2223 714 2263 mel
743 2231 784 2264 et
813 2223 987 2264 fauum.

224 2288 437 2330 Ieremias
480 2296 629 2330 autem
679 2290 818 2332 uitam
870 2290 1119 2331 solitariam
1169 2291 1498 2332 commendans
1543 2290 1680 2331 dicit:

165 2355 350 2396 Bonum
380 2361 445 2397 est
473 2355 571 2397 uiro
603 2370 704 2398 cum
735 2357 982 2410 portauesrit
1011 2357 1174 2411 iugum
1206 2358 1398 2399 Domini
1428 2359 1482 2400 ab
1516 2358 1688 2399 adoles-

166 2421 318 2463 cencz'a
343 2436 439 2462 sua.
503 2422 690 2466 Sedebit
714 2424 942 2465 solitarius
969 2430 1011 2466 et
1035 2424 1198 2466 tacebit
1225 2431 1265 2466 et
1291 2424 1460 2466 leuabit
1481 2438 1526 2465 se
1550 2427 1688 2476 supra

222 2505 248 2536 1.
265 2504 322 2536 Cf.
343 2505 447 2536 Prov.
485 2506 536 2545 30,
558 2506 607 2537 27.

225 2547 255 2576 2.
284 2548 332 2588 (9)
361 2547 399 2589 (ί)
425 2547 494 2580 and
515 2549 650 2592 Misyn,
681 2549 941 2591 “peccatoris”
1051 2552 1081 2584 3.
1114 2550 1152 2591 (i)
1182 2550 1450 2591 “pugnantur.⁷'

224 2588 255 2618 4·
282 2591 522 2633 Ecclesiaste-s,
544 2593 575 2630 4,
601 2594 649 2624 10.

224 2632 255 2661 5·
281 2635 365 2676 Req.
387 2634 423 2667 S.
446 2635 532 2675 Ben,
556 2645 629 2675 cap.
656 2635 688 2677 I,
711 2636 890 2677 “Proprie
909 2635 1077 2676 appellati
1093 2636 1266 2678 monachi,
1291 2636 1350 2678 qui
1371 2635 1594 2668 monasteriis
1615 2635 1688 2668 suis

160 2677 294 2710 relictis
309 2688 371 2719 per
389 2677 545 2710 diuersas
564 2679 680 2720 cellas,
700 2679 816 2710 neseio
835 2689 902 2720 qua
919 2679 1064 2719 pietatis
1082 2689 1175 2710 uana.
1192 2680 1308 2721 specie
1322 2679 1588 2722 uagabantur?

229 2723 260 2754 6.
288 2721 336 2762 (q)
363 2721 562 2753 “mutata'’
617 2723 648 2756 7.
684 2723 732 2764 (9)
767 2722 967 2754 “dilectis‘’
