1881 2985
209 215 276 249 240
740 207 1028 245 SPIRITUAL
1067 208 1212 243 SONG

212 321 326 363 liber
367 328 410 363 et
458 322 632 364 lucens.
729 322 880 377 Quam
932 322 1132 364 nobilem
1182 323 1435 365 libertatem
1483 339 1644 368 omnes
1695 326 1740 367 in

210 394 416 429 eternum
453 389 745 443 ignorabunt,
783 390 860 444 qui
896 403 1019 431 nunc
1051 390 1259 431 nesciunt
1289 391 1480 446 diligere
1513 400 1556 433 et
1590 393 1741 434 suaui-

211 462 348 497 tatem
375 456 420 496 in
453 456 640 498 Christo
669 457 850 498 sentire.
915 457 1011 498 Nec
1042 457 1179 499 debui
1207 459 1307 501 sine
1337 459 1481 502 dubio
1511 474 1686 502 cessare
1716 475 1742 502 a

212 522 462 564 deuocione
497 524 832 565 defecatissima
868 532 1054 579 propter
1090 525 1363 568 detractores
1399 527 1477 581 qui
1510 527 1555 568 in
1593 541 1741 569 meam

204 589 519 631 innocenciam
543 590 786 632 maliuolos
804 604 984 632 morsus
1006 591 1272 644 iniecerunt,
1292 605 1345 633 ac
1362 592 1499 634 debui
1519 594 1744 636 debellare

209 655 393 699 omnem
419 659 697 713 impietatem
723 667 764 700 et
787 673 939 700 amare
960 673 1038 702 eos
1063 660 1141 715 qui
1166 661 1470 702 incitauerunt
1492 663 1551 704 ad
1571 663 1742 704 maiora

211 725 324 766 mihi
359 726 491 774 mala,
522 733 564 767 et
597 726 761 767 exinde
795 734 1041 782 augeretur
1075 728 1230 782 gracia
1261 729 1466 778 amatori,
1502 730 1612 770 dum
1649 743 1740 771 non

209 794 459 834 attenderet
490 794 645 835 uerbis
673 794 718 834 in
748 801 935 835 uentum
968 795 1158 848 prolatis
1182 796 1262 837 sed
1293 796 1500 850 profecto
1530 797 1664 839 corde
1694 811 1742 839 se

210 860 469 901 extenderet
493 861 551 901 ad
578 868 795 911 amatum,
825 869 867 902 et
895 863 1182 916 propositum
1213 863 1561 918 infatigabiliter
1587 878 1741 920 prose-

100 938 125 972 f.
145 940 186 972 89
211 934 437 982 queretur.
504 927 628 970 Hinc
657 929 809 982 itaque
836 929 1053 970 uanitatis
1082 929 1273 972 affectus
1302 932 1502 981 euanuit,
1533 941 1576 974 et
1607 946 1743 975 uerus

209 1009 338 1036 amor
364 995 409 1035 in
439 1003 588 1036 mente
614 997 777 1049 erupit,
803 1004 851 1037 ut
877 997 1075 1038 amantis
1097 998 1282 1040 animus
1308 1012 1399 1039 non
1429 999 1741 1054 refrigescens,

209 1063 289 1104 sed
325 1063 369 1102 in
405 1063 552 1104 calore
587 1063 891 1105 comfortabili
927 1065 1198 1118 persisteret,
1247 1072 1290 1106 et
1333 1079 1410 1107 cor
1455 1079 1482 1106 a
1524 1066 1742 1109 continua

210 1131 494 1185 cogitacione
540 1131 845 1172 amantissimi
882 1132 953 1172 sui
993 1145 1283 1186 nequaquam
1322 1139 1598 1187 quateretur.
1689 1133 1742 1175 In

210 1197 296 1239 hac
318 1197 502 1252 quidem
525 1198 788 1239 constancia
811 1199 973 1239 accidit
991 1199 1163 1239 amanti
1187 1199 1459 1240 excellencia
1482 1200 1667 1250 amoris,
1694 1207 1742 1240 ut

212 1266 256 1306 in
287 1266 476 1320 igneum
509 1266 657 1307 celum
694 1273 972 1319 assumptus,
1010 1265 1071 1306 ibi
1105 1266 1420 1308 incenderetur
1455 1267 1744 1309 ineffabiliter

210 1332 268 1373 ad
303 1333 565 1380 amandum,
600 1340 642 1373 et
675 1340 878 1374 ureretur
911 1333 1026 1373 intra
1061 1346 1109 1374 se
1141 1333 1343 1388 amplius
1390 1347 1527 1388 quam
1575 1333 1745 1388 aliquis

210 1400 462 1453 exprimere
490 1400 700 1454 potuerit,
728 1407 770 1441 et
792 1400 966 1455 gradus
992 1401 1249 1456 graciarum
1274 1401 1622 1455 amplexaretur.
1686 1399 1743 1441 Et

212 1467 317 1508 inde
340 1468 514 1521 accepit
538 1468 818 1521 sapienciam
845 1475 887 1509 et
911 1468 1223 1516 subtilitatem,
1247 1476 1296 1509 ut
1322 1469 1454 1510 sciret
1477 1468 1602 1523 loqui
1629 1469 1744 1509 inter

211 1535 499 1576 locullentos1
530 1543 572 1576 et
602 1535 835 1576 audaciter
878 1535 1094 1589 preferret
1139 1535 1262 1591 quod
1307 1536 1553 1577 dicendum
1599 1535 1742 1582 duxit,

211 1601 426 1656 quamuis
479 1601 618 1643 idiota
666 1609 707 1643 et
760 1602 983 1656 insipiens
1027 1610 1161 1643 antea
1198 1603 1482 1644 estimaretur
1520 1611 1562 1645 et
1599 1602 1740 1644 eciam

210 1669 434 1712 existeret.

268 1736 361 1778 Sed
396 1737 517 1778 docti
552 1750 632 1792 per
667 1737 944 1792 adquisitam
982 1737 1278 1791 sapienciam,
1319 1751 1410 1779 non
1449 1738 1662 1786 infusam,
1699 1745 1741 1779 et

211 1804 355 1845 inflati
395 1804 882 1859 argumentacionibus
914 1805 1163 1858 implicitis,
1208 1805 1253 1845 in
1290 1805 1392 1858 ipso
1431 1805 1742 1859 dedignantur

211 1871 442 1913 dicentes:
488 1871 515 1888 “
539 1871 633 1913 Ubi
664 1872 857 1913 didicit?
885 1885 911 1912 a
945 1885 1038 1926 quo
1068 1872 1251 1913 doctore
1278 1871 1490 1913 audiuit?
1513 1869 1540 1888 ''
1634 1872 1740 1913 Non

208 1939 487 1980 arbitrantur
506 1940 563 1981 ab
592 1939 792 1980 interiori
818 1939 1000 1980 doctore
1023 1946 1249 1980 amatores
1274 1939 1524 1980 eternitatis
1550 1938 1740 1986 edoceri,

210 2014 258 2048 ut
288 2007 583 2062 eloquencius
616 2008 907 2061 loquerentur
940 2020 1076 2061 quarn
1106 2007 1193 2060 ipsi
1225 2007 1281 2048 ab
1309 2006 1574 2048 hominibus
1605 2005 1740 2052 docti,

211 2073 289 2127 qui
327 2073 453 2114 omni
485 2081 688 2128 tempore
724 2087 810 2128 pro
846 2074 979 2115 uanis
1016 2073 1269 2115 honoribus
1302 2073 1590 2114 studuerunt.
1689 2072 1739 2114 Si

209 2148 361 2181 autern
397 2141 653 2196 antiquitus
689 2140 890 2195 Spiritus
927 2140 1125 2182 Sanctus
1159 2141 1312 2195 plures
1350 2140 1622 2193 inspirauit:
1661 2151 1742 2181 cur

210 2208 351 2250 eciam
388 2222 479 2249 non
510 2222 631 2250 nunc
665 2216 915 2249 assumeret
943 2215 1150 2248 amantes
1197 2207 1255 2248 ad
1304 2207 1499 2262 gloriam
1550 2205 1741 2248 Domini

210 2276 551 2330 speculandam,
586 2289 688 2316 cum
723 2276 835 2329 ipsis
868 2275 1098 2330 prioribus
1134 2275 1339 2316 moderni
1374 2274 1616 2328 approbati
1647 2285 1738 2313 non

208 2351 314 2385 sunt
335 2343 570 2397 inequales
585 2343 604 2382 P
666 2342 1068 2396 Approbacionem
1089 2349 1240 2382 autem
1262 2341 1380 2384 hanc
1397 2343 1454 2383 ab
1474 2339 1740 2381 hominibus

212 2423 302 2451 non
352 2410 548 2463 appello,
599 2410 675 2465 qui
723 2423 830 2463 sepe
878 2410 923 2449 in
972 2408 1392 2462 approbacionibus
1435 2407 1533 2450 suis
1576 2413 1741 2454 errant,

210 2478 432 2533 eligentes
442 2477 552 2519 tales
573 2490 689 2532 quos
701 2477 827 2518 Deus
848 2476 1055 2530 despexit
1076 2484 1117 2516 et
1137 2476 1441 2529 despicientes
1461 2487 1575 2530 quos
1610 2475 1742 2527 eligit.

203 2544 295 2586 Sed
316 2544 427 2585 tales
445 2543 656 2584 omnino2
675 2543 970 2596 approbatos,
996 2555 1111 2596 quos
1128 2555 1256 2583 amor
1275 2550 1458 2585 eternus
1475 2542 1738 2585 medullitus

211 2614 464 2655 inflammat
515 2619 557 2653 et
608 2611 809 2665 Spiritus
860 2611 1016 2654 Sancti
1069 2611 1223 2665 gracia
1273 2610 1332 2651 ad
1383 2622 1518 2651 omne
1565 2609 1737 2650 bonum

76 2691 100 2724 f.
121 2692 184 2725 89b
210 2680 415 2733 inspirat.
479 2678 570 2733 Qui
593 2679 799 2720 omniurn
823 2678 1042 2719 uirtutum
1065 2677 1174 2718 flore
1197 2676 1406 2731 insigniti
1428 2677 1473 2717 in
1490 2674 1739 2717 dileccione

266 2778 293 2807 1.
325 2777 374 2818 (h)
402 2776 419 2790 ‘¹
435 2775 661 2817 locupletes.'’
710 2777 760 2818 (k)
789 2777 838 2818 (q)
864 2776 1124 2809 “luculentos''
1173 2778 1204 2811 2.
1239 2775 1278 2816 (i)
1314 2776 1358 2818 (s)
1391 2773 1574 2806 “animo”
