1881 2985
616 176 760 213 LOVE
799 175 905 211 ALL
945 174 1003 208 IN
1045 173 1155 208 GOD
1586 181 1650 207 201

125 294 211 336 nisi
245 293 394 334 Deum
428 293 645 347 probatur
675 304 841 332 amare.
908 289 1066 344 Itaque
1091 301 1227 330 omne
1259 288 1381 342 quod
1411 287 1649 341 diligimur

123 359 194 401 uel
227 358 478 413 diligimus,
509 366 653 400 totum
678 358 736 399 ad
771 358 933 405 Deum,
966 356 1138 397 fontem
1169 355 1351 402 amoris,
1382 353 1644 395 referamus.

124 425 244 480 Quia
286 426 364 480 qui
407 433 550 467 totum
591 439 667 467 cor
705 425 957 465 humanum
995 422 1083 464 sibi
1125 421 1248 463 iubet
1287 420 1451 471 tribui;
1507 420 1648 460 eciam

123 506 281 534 omnes
304 492 493 534 affectus
513 505 763 546 omnesque
788 498 940 532 motus
965 490 1129 531 mentis
1154 489 1198 529 in
1224 489 1325 541 ipso
1348 487 1473 541 cupit
1499 487 1645 541 infigi.

125 560 267 600 Porro
289 560 366 614 qui
385 573 489 600 uere
512 559 660 601 Deum
684 559 848 613 diligit,
871 557 984 598 nihil
1006 557 1051 597 in
1074 557 1207 599 corde
1226 570 1312 598 suo
1329 563 1476 610 preter
1498 555 1648 596 Deum
1671 556 1695 589 f.
1716 557 1779 590 34b

123 627 270 674 sentit,
293 634 334 667 et
353 627 390 667 si
414 626 526 666 nihil
548 626 672 667 aliud
692 626 839 673 sentit,
863 624 977 665 nihil
997 624 1123 665 aliud
1146 623 1305 673 habet;
1329 623 1408 665 sed
1431 621 1649 677 quicquid

123 693 257 734 habet
275 707 360 747 pro
381 693 481 734 Deo
495 700 630 740 amat,
651 700 693 733 et
715 705 806 733 non
827 700 948 732 amat
970 691 1056 732 nisi
1080 691 1203 746 quod
1228 691 1357 733 Deus
1377 690 1475 731 uult
1497 690 1648 743 ipsum

122 773 290 801 amare.
355 760 481 814 Ergo
507 773 597 800 non
620 767 741 800 amat
768 759 854 800 nisi
882 759 1044 807 Deum,
1071 765 1113 799 et
1135 758 1199 799 sic
1225 765 1317 798 tota
1342 757 1438 799 eius
1461 756 1651 798 dileccio

125 827 252 869 Deus
279 834 358 870 est.

186 893 332 935 Iscius
384 894 588 947 profecto
638 907 765 934 amor
818 906 953 934 uerus
1006 899 1084 940 est,
1139 892 1246 946 quia
1296 891 1550 932 conformat
1602 903 1651 932 se

129 960 331 1003 Creatori
363 975 459 1009 suo,
494 961 571 1015 qui
600 961 755 1002 omnia
782 967 967 1015 propter
995 960 1290 1013 semetipsum
1323 965 1538 1012 operatus
1571 963 1650 1004 est,

124 1028 184 1068 ita
211 1035 252 1069 et
280 1028 376 1081 ipse
398 1028 553 1069 omnia
578 1035 762 1081 propter
788 1028 938 1068 Deum
964 1027 1162 1081 diligit]
1221 1026 1406 1080 Quippe
1425 1026 1438 1050 1
1465 1024 1653 1080 quando

122 1108 249 1135 amor
284 1095 532 1136 eternitatis
568 1095 612 1135 in
648 1095 892 1136 animabus
926 1095 1092 1135 nostris
1124 1095 1341 1135 ueraciter
1375 1093 1650 1140 accenditur,

123 1163 273 1204 omnis
293 1163 392 1204 sine
415 1163 558 1203 dubio
580 1163 739 1203 mundi
764 1162 955 1210 namtas,
980 1162 1221 1216 omnisque
1243 1161 1441 1203 carnalis
1462 1158 1653 1202 dileccio

125 1243 215 1271 non
247 1230 333 1271 nisi
363 1237 534 1271 stercus
563 1229 838 1270 uilissimum
873 1236 1119 1281 reputatur.
1185 1228 1337 1282 Atque
1364 1227 1473 1268 dum
1508 1237 1650 1271 mens,

129 1297 225 1351 iugi
248 1296 487 1337 deuocioni
509 1297 676 1347 dedita,
704 1296 818 1336 nihil
842 1296 929 1337 nisi
955 1295 1219 1337 Conditoris
1239 1295 1309 1336 sui
1332 1297 1448 1337 bene
1470 1294 1651 1348 placen-

123 1363 238 1404 ciam
286 1363 472 1417 appetit,
521 1363 786 1404 mirabiliter
832 1363 877 1403 in
927 1377 975 1404 se
1021 1363 1181 1403 ardore
1228 1362 1400 1403 amoris
1444 1361 1650 1416 ignescit,

124 1430 340 1485 quatinus
371 1431 590 1485 paulatim
620 1431 664 1471 in
697 1430 1012 1484 spiritualibus
1041 1431 1175 1472 bonis
1205 1429 1449 1484 proficiens
1476 1436 1518 1470 et
1550 1441 1650 1470 suc-

123 1511 325 1547 censens,
358 1498 496 1539 modo
526 1498 571 1538 in
604 1498 824 1539 lubricam
853 1504 894 1538 et
927 1498 1063 1538 latam
1096 1498 1218 1538 uiam
1250 1511 1337 1552 que
1367 1498 1427 1539 ad
1460 1504 1650 1538 mortem

123 1564 246 1605 ducit
275 1578 366 1605 non
395 1565 585 1612 decidat,
613 1565 692 1606 sed
722 1565 882 1619 pocius
909 1564 1016 1619 igne
1040 1578 1241 1619 superno
1264 1572 1410 1606 erecta
1433 1578 1578 1619 usque
1604 1565 1650 1605 in

122 1631 523 1685 contemplatiuam
552 1632 691 1673 uitam
726 1639 853 1672 exeat
888 1639 929 1672 et
962 1632 1192 1673 ascendat.

180 1697 285 1739 Non
307 1699 427 1739 enim
450 1699 805 1752 contemplatiua
824 1699 917 1739 uita
937 1700 994 1740 ab
1014 1698 1171 1753 aliquo
1192 1699 1237 1739 in
1259 1698 1343 1740 hac
1362 1698 1649 1739 lacrimarum

122 1764 240 1805 ualle
261 1765 332 1805 uel
351 1765 409 1805 ad
432 1766 661 1806 modicum
686 1765 881 1819 perfecte
902 1766 1171 1820 adquiritur,
1196 1766 1283 1807 nisi
1306 1765 1434 1820 prius
1455 1778 1531 1807 cor
1553 1765 1653 1806 eius

125 1832 267 1873 eterni
293 1833 462 1874 amoris
486 1832 663 1874 facibus
690 1833 897 1875 funditus
920 1832 1239 1880 inflammetur,
1266 1840 1314 1873 ut
1341 1831 1552 1873 uidelicet
1575 1843 1653 1872 cor

121 1912 255 1940 suum
297 1899 404 1953 igne
437 1900 607 1941 amoris
645 1900 802 1941 ardere
842 1900 1025 1951 senciat,
1068 1908 1110 1941 et
1145 1900 1477 1941 conscienciam
1518 1910 1649 1939 suam

122 1966 291 2006 mellita
331 1967 555 2007 suauitate
596 1966 815 2021 liquefieri
858 1974 1120 2021 cognoscat.
1198 1966 1275 2007 Sic
1318 1967 1533 2007 nimirum
1572 1964 1651 2005 uix

123 2046 226 2074 uere
254 2034 636 2087 contemplatiuus
665 2034 867 2082 efficitur,
898 2035 1008 2075 dum
1038 2042 1080 2075 et
1106 2034 1338 2089 gustando
1361 2033 1649 2075 dulcedinem

122 2107 163 2141 et
192 2101 439 2141 senciendo
466 2101 687 2148 ardorem,
719 2114 803 2154 pro
830 2101 998 2142 amoris
1031 2101 1349 2155 magnitudine
1381 2099 1651 2141 multociens

125 2180 241 2220 pene
274 2167 505 2207 moriatur.
601 2167 738 2209 Unde
770 2176 812 2209 et
843 2168 887 2208 in
923 2169 1152 2222 corporeis
1183 2168 1473 2222 amplexibus
1507 2166 1648 2208 eterni

124 2233 293 2274 amoris
312 2234 442 2288 quasi
465 2234 630 2288 iugiter
649 2234 818 2290 figitur,
841 2235 960 2289 quia,
985 2235 1261 2276 incessanter
1281 2233 1648 2287 contemplandO,

124 2300 182 2340 ad
214 2299 327 2341 illud
357 2301 509 2341 lumen
539 2301 978 2355 incircumscriptum
1015 2302 1266 2342 uidendum
1296 2309 1392 2343 toto
1424 2299 1650 2342 desiderio

124 2367 367 2408 ascendere
404 2375 606 2409 conatur.
673 2369 896 2424 Denique,
919 2368 1024 2410 talis
1043 2369 1113 2409 uir
1134 2368 1305 2409 nullam
1331 2369 1418 2409 nisi
1441 2367 1647 2409 diuinam

124 2434 490 2476 consolacionem
513 2435 558 2475 in
578 2435 734 2476 anima
753 2449 836 2477 sua
858 2435 985 2476 nouit
1004 2435 1255 2486 admittere,
1281 2435 1325 2475 in
1345 2434 1475 2476 cuius
1495 2446 1648 2474 amore

128 2500 216 2541 iam
253 2500 491 2554 languens,
531 2502 589 2542 ad
631 2501 767 2543 finem
807 2502 898 2543 uite
941 2502 1162 2554 presentis
1203 2502 1382 2556 cogitur
1421 2499 1647 2548 anhelare,

119 2567 323 2609 clamans
345 2568 478 2608 anxie
501 2581 604 2609 cum
630 2568 881 2622 psalmista,
916 2568 1111 2623 Quando
1140 2566 1323 2610 ueniam
1350 2573 1391 2608 et
1416 2564 1646 2620 apparebo

187 2728 215 2757 1.
243 2725 350 2758 Shorb
370 2726 468 2757 texts
491 2725 508 2738 “
526 2724 619 2756 Item
641 2724 782 2766 quando
805 2724 934 2756 amor.”
