1881 2985
238 170 306 214 278
536 173 572 207 A
609 174 827 211 PRAYER
862 175 969 209 FOR
1005 174 1291 211 SPIRITUAL
1327 175 1469 211 SONG

299 292 434 335 Ihesu
494 294 626 344 bone,
669 295 803 337 redde
861 295 974 336 mihi
1018 309 1244 351 organum
1304 296 1493 339 celicum
1538 296 1765 339 canticum

238 360 524 416 angelorum,
549 369 598 403 ut
629 362 675 402 in
706 362 791 404 hoc
823 363 971 416 rapiar
1002 362 1159 405 laudes
1190 370 1291 406 tuas
1323 363 1488 419 iugiter
1515 363 1764 414 modulari3

241 427 364 482 quod
395 428 559 470 dedisti
592 430 809 471 nescienti
839 437 881 471 et
912 443 1003 471 non
1031 431 1326 485 cognoscenti
1359 445 1482 473 nunc
1512 439 1697 486 experto
1725 438 1767 472 et

238 496 408 549 petenti
442 497 665 538 retribue!
761 498 977 538 Blandire
1024 498 1137 538 mihi
1183 499 1227 539 in
1277 499 1552 541 iocunditate
1597 499 1769 540 amoris

241 562 427 610 uranici,
459 570 507 603 ut
540 563 772 618 ignicoma
803 564 1012 605 inueniar
1042 565 1087 605 in
1119 566 1360 607 extremis:
1399 573 1568 607 etcum
1599 580 1769 608 canoro

240 629 424 683 gaudio,
450 629 494 670 in
516 631 716 671 animam
743 645 887 672 meam
911 632 1134 673 descende
1154 631 1163 672 1
1230 631 1435 674 Ostende
1455 633 1567 675 mihi
1591 633 1768 676 blandi-

241 702 393 736 menta
425 697 586 738 suauia
630 698 674 738 in
723 698 1010 751 beneplacito
1052 705 1146 750 tuo,
1197 706 1245 740 ut
1305 713 1517 741 excessus
1566 701 1653 742 mei
1695 700 1768 742 hic

240 762 492 815 puniantur
524 771 565 804 et
612 771 882 819 purgentur,
935 778 989 806 eo
1037 765 1187 814 modo,
1237 779 1330 820 quo
1378 766 1422 806 in
1459 767 1768 808 misericordia

241 829 408 871 nouisti
433 844 545 885 ergo
567 831 861 872 adherentem
890 832 986 880 tibi,
1013 845 1104 873 non
1135 833 1523 888 quemadmodum
1546 833 1769 876 blandiris

235 896 280 935 in
321 896 385 937 ira
423 903 499 937 tua
537 897 806 939 florentibus
845 898 951 940 huic
990 899 1158 950 seculo,
1202 899 1372 954 quibus
1403 913 1621 954 prospera
1660 909 1769 941 tem-

239 963 454 1016 poraliter
484 963 677 1018 largiris,
724 972 765 1005 et
811 972 963 1005 eterna
1007 972 1231 1006 tormenta
1276 966 1508 1008 reseruas!
1602 965 1768 1007 Mundi

241 1028 412 1083 quippe
430 1036 654 1071 amatores
677 1029 791 1071 scire
812 1038 1007 1084 possunt
1030 1031 1170 1072 uerba
1192 1032 1265 1073 uel
1283 1033 1487 1074 carmina
1512 1040 1767 1074 nostrarum

239 1095 526 1147 cancionum,
562 1110 652 1137 non
679 1104 830 1138 autem
859 1097 1035 1139 cantica
1063 1106 1321 1140 nostrorum
1351 1100 1630 1154 carminum;
1662 1100 1770 1155 quia

240 1160 381 1201 uerba
414 1160 588 1216 legunt,
626 1163 705 1204 sed
742 1170 894 1205 notam
926 1171 968 1205 et
998 1172 1157 1206 tonum
1192 1179 1244 1206 ac
1272 1165 1543 1207 suauitatem
1577 1166 1768 1208 odarum

237 1227 471 1269 addiscere
498 1242 590 1270 non
618 1236 829 1283 possunt.
893 1230 935 1272 O
959 1231 1077 1272 bone
1104 1230 1237 1272 Ihesu
1268 1232 1420 1287 ligasti
1448 1246 1522 1274 cor
1549 1246 1699 1273 meum
1723 1232 1768 1272 in

239 1294 524 1349 cogitacione
546 1296 746 1337 nominis
768 1297 849 1346 tui,
873 1304 915 1337 et
939 1296 1051 1338 illud
1076 1297 1164 1338 iam
1189 1311 1280 1338 non
1302 1311 1464 1339 canere
1488 1312 1579 1339 non
1604 1297 1764 1339 ualeo!

241 1362 344 1403 ideo
377 1363 588 1404 miserere
624 1364 711 1404 mei
748 1364 1028 1418 perficiendo
1062 1366 1186 1420 quod
1221 1365 1503 1421 preparasti!
1571 1366 1771 1419 Rapitur

234 1442 370 1471 uerus
391 1437 566 1471 amator
592 1437 699 1472 tuus
721 1431 944 1472 sollicitus
973 1432 1018 1471 in
1048 1431 1241 1473 iubilum
1272 1433 1424 1473 canori
1449 1431 1691 1487 cogitatus,
1722 1439 1771 1473 ut

241 1496 525 1550 impossibile
559 1497 617 1538 sit
665 1497 799 1538 talem
850 1497 1138 1538 dulcedinem
1188 1511 1286 1539 esse
1330 1512 1356 1538 a
1404 1498 1602 1546 diabolo,
1633 1497 1768 1539 talem

241 1562 466 1604 feruorem
510 1564 568 1606 ab
613 1563 771 1618 aliquo
816 1572 978 1615 creato,
1038 1564 1172 1605 talem
1219 1578 1430 1606 canorem
1476 1565 1534 1607 ab
1583 1564 1771 1620 ingenio

241 1628 468 1681 human03
492 1631 537 1672 in
563 1631 730 1686 quibus
756 1632 792 1672 si
817 1645 1168 1685 perseuerauero
1193 1632 1350 1674 saluus
1370 1634 1475 1673 ero.1

292 1695 517 1752 [Oportet
537 1706 687 1739 autem
710 1699 832 1753 quod
854 1712 934 1739 nec
954 1699 1144 1740 minima
1164 1706 1345 1753 peccata
1366 1699 1474 1740 uelit
1492 1699 1772 1741 committere

243 1765 320 1820 qui
355 1764 453 1806 uult
486 1765 684 1806 maxima
718 1765 915 1819 perfecte
945 1765 1132 1807 enitare.
1225 1765 1318 1820 Qui
1353 1765 1474 1806 enim
1509 1766 1700 1807 scienter
1727 1771 1771 1805 et

240 1838 402 1885 sponte
425 1831 544 1873 cadit
573 1832 617 1872 in
659 1831 864 1882 minima,
912 1831 1121 1873 incautus
1160 1845 1267 1885 sepe
1290 1839 1465 1873 corruet
1508 1832 1553 1872 in
1584 1831 1768 1872 maiora.

242 1898 443 1939 Pertinet
466 1898 650 1953 quidem
675 1898 732 1939 ad
755 1912 970 1947 amorem,
996 1912 1213 1953 magnam
1239 1898 1467 1939 miseriam
1490 1898 1629 1939 cicius
1653 1896 1769 1938 uelle

242 1965 482 2016 incurrere,
525 1979 662 2020 quam
704 1966 775 2006 uel
817 1965 955 2007 semel
1013 1979 1213 2019 peccare.
1302 1965 1606 2020 Nequaquam
1647 1965 1769 2006 enim

243 2047 424 2075 necesse
447 2041 513 2074 cst
535 2034 599 2074 illi
624 2034 765 2074 immo
790 2034 1031 2075 ridiculum
1055 2041 1184 2081 esset,
1210 2033 1283 2074 hic
1303 2046 1488 2088 querere
1512 2032 1698 2074 delicias
1719 2045 1771 2072 ac

241 2100 447 2147 diuicias,
486 2099 799 2141 fortitudinem
853 2108 894 2140 et
945 2099 1348 2154 pulchritudinem,
1401 2099 1479 2154 qui
1518 2099 1563 2139 in
1602 2098 1770 2140 iudicio

242 2166 382 2207 eterni
414 2166 534 2221 regis
564 2167 870 2220 sempiternus
914 2167 1045 2207 miles
1086 2167 1400 2217 constituetur,
1444 2179 1547 2206 cum
1574 2164 1771 2219 perfecta

242 2233 454 2275 decencia
502 2235 809 2276 membrorum
849 2242 891 2275 et
939 2242 1175 2276 uenustate
1220 2234 1398 2282 coloris,
1445 2233 1523 2275 ubi
1570 2247 1660 2274 non
1687 2232 1771 2273 erit

243 2301 525 2354 superfluum
557 2315 638 2343 nec
667 2302 970 2351 diminutum;
1002 2309 1044 2342 et
1090 2302 1364 2343 ministrabit
1410 2302 1453 2342 in
1485 2301 1589 2342 aula
1619 2300 1769 2342 celesti

245 2380 426 2408 summo
451 2367 726 2421 imperatori,
754 2368 799 2408 in
826 2368 977 2409 secula
1003 2368 1277 2409 seculorum.
1341 2365 1563 2419 Amen.]2

300 2445 329 2474 l·
359 2447 435 2480 The
466 2447 566 2480 short
598 2450 680 2480 text
709 2448 798 2481 ends
832 2448 938 2480 here:
975 2449 1035 2481 the
1062 2449 1209 2490 original
1244 2449 1356 2482 scribe
1382 2450 1421 2482 of
1454 2450 1495 2491 (γ’)
1532 2449 1595 2481 has
1627 2448 1772 2481 written

236 2491 426 2532 “Explicit
455 2491 656 2523 incendium
686 2492 849 2523 amoris.’'
896 2493 1049 2524 Newton
1080 2493 1198 2524 added
1228 2492 1290 2525 the
1321 2493 1531 2534 concluding
1561 2492 1772 2535 paragraph,

240 2547 276 2568 as
308 2536 336 2568 it
367 2535 397 2567 is
427 2535 456 2568 is
486 2535 590 2577 given
617 2535 653 2566 in
679 2535 725 2566 al]
756 2535 817 2567 the
842 2535 945 2567 other
974 2536 1055 2577 long
1085 2538 1195 2568 texts.
1245 2536 1321 2568 The
1351 2536 1551 2578 paragraph
1584 2536 1613 2568 is
1646 2536 1773 2568 almost

236 2579 409 2621 certainly
427 2579 556 2611 Rolle’s
578 2589 655 2611 own
675 2579 784 2619 work,
818 2579 890 2612 and
924 2589 988 2613 not
1021 2591 1044 2612 a
1075 2580 1180 2622 gloss
1241 2580 1387 2613 Besides
1409 2580 1472 2612 the
1492 2580 1569 2613 MS.
1595 2579 1774 2617 evidence,

235 2623 336 2655 these
355 2623 564 2664 concluding
586 2623 802 2663 paragraphs
825 2623 862 2655 of
885 2623 946 2655 the
964 2623 1045 2664 long
1068 2623 1137 2654 and
1162 2623 1261 2655 short
1284 2626 1382 2655 texts
1405 2635 1495 2655 seem
1518 2626 1556 2655 to
1580 2623 1622 2656 be
1646 2635 1711 2655 one
1733 2624 1772 2656 of

236 2666 365 2698 Rolle’s
385 2666 551 2708 frequent
572 2666 805 2707 repetitions:
830 2668 876 2698 cf.
899 2666 961 2698 the
981 2666 1177 2699 succession
1196 2668 1234 2698 of
1255 2666 1318 2699 the
1339 2667 1484 2708 phrases
1507 2666 1659 2699 “saluus
1681 2677 1739 2699 ero
1755 2666 1772 2678 ’²

239 2709 309 2742 and
334 2711 351 2723 “
368 2709 404 2741 in
427 2709 508 2742 aula
526 2710 655 2742 celeste
676 2721 808 2742 summo
828 2710 1033 2752 imperatori
1046 2710 1063 2722 '²
1083 2720 1127 2742 on
1149 2720 1182 2751 p.
1204 2712 1275 2744 192.

307 2756 338 2787 2.
358 2754 391 2785 N
396 2757 511 2786 ewton
533 2753 651 2785 added
669 2766 676 2785 :
702 2754 720 2767 “
734 2753 805 2785 Hic
826 2755 1002 2785 correctus
1022 2764 1084 2794 per
1105 2753 1232 2785 librum
1252 2764 1353 2795 quem
1373 2756 1514 2786 sanctus
1536 2753 1711 2789 Ricardus
1730 2753 1774 2785 de

242 2797 288 2830 H.
315 2797 458 2840 propria
477 2807 583 2830 manu
601 2796 778 2838 scripsit.'’
825 2796 890 2829 See
911 2796 1174 2838 Introduction,
1194 2807 1227 2838 p.
1255 2799 1311 2832 63.
