1809 3036
279 216 634 253 CONcERNJNo
662 217 773 254 THE
804 217 1116 253 coNFESSOR
1146 219 1258 252 AND
1289 219 1488 255 ABBEss
1581 229 1643 263 133

119 330 304 385 singula
349 331 453 372 inde
497 339 663 383 secuta,
716 331 981 385 supplentes
1020 345 1180 373 omnes
1218 332 1435 384 defectuS,
1482 334 1519 375 si
1565 335 1641 387 qui

121 399 272 440 forsan
302 399 638 447 interuenerint,
666 400 709 440 in
734 400 903 441 eisdem
929 407 1022 440 rata
1046 399 1264 441 habentes
1287 408 1327 440 et
1355 408 1483 455 grata
1509 414 1560 441 ea
1588 401 1642 440 de

119 465 402 519 plenitudine
440 467 674 519 potestatis
713 481 766 508 ex
809 474 926 509 certa
968 466 1162 507 sciencia
1206 467 1476 514 confirmari,
1521 480 1642 509 com-

122 532 298 573 munire
330 539 371 573 et
401 533 678 586 approbare;
712 547 886 574 necnon
919 546 1020 574 cum
1056 533 1293 574 Willelmo
1325 541 1372 574 ut
1403 534 1459 574 de
1487 541 1644 575 sancto

122 600 319 650 Albano,
351 607 393 640 et
423 600 615 641 Matilda
644 601 817 654 prefata
846 602 901 642 de
928 598 1134 656 Barking
1162 602 1449 643 monasteriis
1476 601 1644 642 ordini-

121 668 209 709 bus
238 668 494 721 sepedictis‚
524 669 581 709 ad
612 669 710 721 ipsa
745 668 1016 709 monasteria
1049 669 1104 709 de
1132 668 1262 720 Sion,
1293 669 1470 710 ordinis
1501 669 1643 710 sancti

120 736 371 790 Augustini
434 737 577 777 sancti
642 736 893 778 Saluatoris
956 736 1218 789 nuncupati,
1280 749 1328 777 se
1389 735 1643 781 transferre,

120 802 325 843 habitum
372 816 562 850 sumere,
611 804 863 857 regularem
907 802 1237 856 professionem
1281 815 1361 856 per
1403 803 1562 842 fratres
1603 808 1644 842 et

122 869 344 910 moniales
368 870 618 911 secundum
650 870 853 910 instituta
879 870 985 910 dicti
1011 869 1187 911 ordinis
1211 869 1353 910 emitti
1382 876 1644 911 consuetam

120 938 335 988 emittere,
368 945 409 978 et
438 938 481 977 in
508 937 677 978 eisdem
708 944 926 991 perpetuo
957 950 1199 988 remanere,
1230 944 1366 991 atque
1392 951 1495 978 cum
1528 936 1645 977 Wil-

120 1005 254 1046 lelmo
284 1012 325 1045 et
356 1005 548 1046 Matilda
577 1005 764 1059 prefatis
796 1014 842 1047 ut
875 1005 930 1046 de
966 1005 1329 1059 quibuscumque
1359 1002 1645 1044 monasteriis

120 1072 438 1123 conuentibus,
465 1072 705 1113 ordinibus
728 1079 769 1112 et
796 1071 906 1112 locis
933 1072 1074 1112 eciam
1100 1071 1479 1121 mendicantibus,
1506 1070 1647 1124 patris

121 1140 192 1182 uel
217 1140 400 1181 rectoris
421 1140 715 1181 obseruancie
736 1152 956 1193 personas
979 1139 1214 1192 religiosas
1238 1137 1467 1192 professas
1489 1146 1530 1178 et
1554 1150 1644 1177 non

120 1206 362 1261 professas,
395 1207 535 1247 eciam
573 1206 775 1247 defectus
811 1206 941 1246 etatis
974 1206 1204 1259 pacientes
1234 1205 1484 1246 secundum
1519 1203 1645 1244 insti-

121 1274 231 1315 tutis
278 1273 556 1324 huiusmodi,
604 1280 645 1313 et
691 1280 782 1313 tarn
829 1285 975 1313 mares
1021 1285 1157 1326 quam
1200 1271 1408 1322 feminas,
1460 1283 1646 1312 suorum

122 1342 408 1395 superiorum
441 1341 628 1382 licencia
653 1341 792 1395 petita
820 1354 910 1381 non
943 1340 1141 1390 obtenta,
1178 1353 1313 1393 quam
1341 1339 1481 1380 eciam
1510 1338 1649 1379 laicos

122 1410 194 1450 uel
246 1423 465 1464 personas
516 1409 740 1450 seculares
792 1408 1118 1461 cuiuscumque
1168 1414 1327 1457 status,
1383 1405 1554 1462 gradus
1607 1412 1648 1445 et

122 1477 374 1532 dignitatis,
401 1477 651 1518 dummodo
679 1476 803 1517 aliud
832 1476 1102 1517 canonicum
1135 1489 1225 1515 non
1256 1475 1461 1525 obsistat,
1495 1473 1648 1514 lauda-

122 1544 319 1598 bilisque
384 1544 474 1584 uite
535 1550 576 1584 et
642 1543 828 1583 honeste
890 1542 1256 1583 conuersacionis
1319 1541 1499 1588 fuerint,
1566 1553 1651 1594 pro

119 1618 371 1665 augmento
406 1611 594 1651 fratrum
632 1616 673 1650 et
709 1609 1024 1663 religiosarum
1065 1608 1341 1655 huiusmodi,
1379 1606 1649 1661 defectuque

122 1691 419 1732 personarum
438 1677 493 1717 de
512 1676 710 1731 presenti
729 1675 1016 1726 habencium,
1032 1688 1237 1729 quosque
1258 1675 1531 1715 monasteria
1552 1675 1650 1728 ipsa

121 1745 177 1786 de
211 1744 323 1786 Sion
358 1758 596 1786 numerum
623 1757 920 1798 personarum
955 1743 1190 1785 dumtaxat
1221 1743 1469 1791 obtineant,
1503 1754 1648 1781 mares

123 1812 168 1852 in
205 1812 366 1852 fratres
402 1819 443 1852 et
476 1812 669 1852 feminas
706 1811 751 1851 in
790 1810 1011 1851 moniales
1044 1810 1181 1850 libere
1219 1809 1414 1862 recipere
1450 1816 1492 1849 et
1529 1807 1648 1848 licite

124 1879 313 1920 retinere
330 1878 534 1928 ualeant3
557 1885 723 1918 statuta
741 1886 781 1918 et
797 1876 1153 1919 consuetudines
1172 1877 1395 1917 dictorum
1416 1874 1645 1925 ordinum,

122 1947 499 1988 monasteriorum
547 1953 589 1986 et
638 1946 838 1987 locorum
880 1945 935 1986 de
983 1945 1150 1999 quibus
1198 1944 1314 1985 dicte
1362 1956 1554 1997 persone
1601 1955 1648 1984 se

123 2013 409 2064 transferent,
441 2026 616 2054 necnon
644 2012 887 2054 constituta
916 2019 957 2052 et
987 2010 1304 2052 ordinaciones
1332 2009 1570 2063 apostolici
1597 2023 1649 2050 ac

123 2082 268 2135 ipsius
294 2081 437 2122 sancti
468 2080 719 2135 Augustini
746 2080 890 2121 sancti
917 2079 1171 2121 Saluatoris
1196 2079 1444 2131 nuncupati
1475 2077 1649 2119 ordinis

126 2148 281 2203 regule
303 2155 345 2189 et
368 2148 627 2198 constituta,
653 2147 908 2201 dignemini
933 2146 1137 2200 graciose
1159 2146 1215 2186 de
1237 2144 1422 2198 speciali
1442 2145 1649 2197 dispens-

123 2230 214 2257 are.

185 2284 241 2324 Et
298 2284 420 2340 quod
483 2283 748 2325 Willelmus
806 2290 932 2337 pater
989 2289 1030 2322 et
1091 2280 1269 2322 monaci
1329 2295 1381 2323 ac
1441 2279 1648 2322 conuersi

125 2360 370 2407 presentes,
424 2365 475 2393 ac
528 2351 720 2392 Matilda
772 2358 913 2391 mater
966 2358 1007 2390 et
1063 2349 1285 2391 moniales
1338 2356 1379 2389 et
1432 2360 1650 2390 conuerse

127 2422 330 2474 ipsorum
368 2420 743 2460 monasteriorum
782 2419 827 2459 in
860 2419 957 2459 loco
993 2418 1048 2458 de
1085 2417 1197 2458 Sion
1233 2424 1479 2471 presentes,
1514 2423 1649 2468 atque

126 2496 217 2529 tam
245 2495 396 2542 patres
425 2501 561 2542 quarn
590 2494 769 2534 matres,
800 2485 1009 2526 monachi
1038 2493 1079 2526 et
1109 2484 1344 2536 moniales,
1374 2483 1580 2526 conuersi
1608 2489 1649 2523 et

125 2569 358 2606 conuerse,
373 2556 449 2609 qui
473 2555 545 2595 uel
568 2568 654 2609 que
675 2567 758 2608 pro
778 2543 978 2606 tempore
998 2552 1372 2603 erunt,omnibus
1391 2560 1431 2593 et
1452 2549 1650 2603 singulis

126 2624 445 2678 indulgenciis‚
495 2623 695 2670 indultis,
745 2622 1040 2668 libertatibus,
1090 2620 1466 2666 immunitatibus,
1513 2626 1648 2671 atque

127 2690 514 2744 exempcionibus,
570 2689 737 2746 quibus
787 2689 1069 2730 confessores
1116 2694 1251 2741 atque
1297 2686 1524 2728 abbatisse
1571 2691 1649 2725 aut

128 2767 279 2814 patres
298 2758 370 2800 uel
390 2765 555 2799 matres
571 2757 679 2798 dicti
700 2757 889 2808 ordinis,
914 2757 958 2796 in
980 2756 1343 2810 quibuscumque
1364 2752 1649 2795 monasteriis
