1881 2985
223 219 289 253 180
734 220 863 256 UITA
902 221 1249 258 HEREMITICA

218 337 439 378 infamare
478 351 569 378 non
603 345 797 388 cessant,
839 338 1042 379 dicentes
1088 338 1154 379 Ue
1187 338 1306 380 soli!
1344 353 1435 381 non
1474 350 1757 395 exponentes

218 405 382 454 solum,
424 405 569 447 “sine
609 406 756 453 Deo‚”
793 407 873 447 sed
912 407 1058 448 “sine
1095 407 1274 449 socio.’'
1353 409 1434 451 Ille
1467 411 1588 451 enirn
1626 411 1753 453 solus

217 480 283 513 est
305 486 407 514 cum
431 487 524 528 quo
542 474 671 516 Deus
693 488 785 515 non
807 473 918 516 est.1
978 475 1099 530 Quia
1121 489 1223 517 cum
1246 476 1456 518 ceciderit
1478 477 1523 518 in
1549 485 1753 525 mortem,

217 541 369 581 statim
415 541 474 582 ad
516 550 740 582 tormenta
783 543 968 596 rapitur,
1016 550 1057 583 et
1097 556 1124 583 a
1171 543 1348 585 uisione
1389 544 1533 600 glorie
1578 546 1664 587 Dei
1709 552 1752 586 et

216 616 478 649 sanctorum
520 610 618 650 sine
661 610 750 650 fine
792 617 1117 664 sequestratur.
1196 610 1340 652 Porro
1381 613 1458 667 qui
1502 613 1751 655 solitariam

87 686 196 722 f.72b
214 675 356 716 uitam
381 689 465 729 pro
494 676 594 717 Deo
622 677 751 731 eligit
775 685 817 718 et
845 691 944 719 eam
976 685 1095 720 recto
1126 679 1264 720 modo
1290 680 1444 722 ducit:
1484 695 1575 722 non
1603 681 1752 723 “Ue''

215 745 296 786 sed
335 745 362 761 “
385 745 593 787 Uenusta
626 746 770 788 uirtus
791 746 818 763 ''
852 747 1008 795 aderit,
1045 754 1087 788 et
1122 749 1340 789 memoria
1378 749 1577 790 nominis
1615 748 1749 789 Ihesu

217 811 385 866 iugiter
417 812 681 862 delectabit3
729 822 770 854 et
800 827 894 868 quo
925 815 1024 855 sine
1055 814 1258 856 humano
1289 816 1461 857 solacio
1492 816 1633 858 uitam
1667 829 1753 870 pro

217 879 320 920 Deo
348 893 438 920 non
464 887 672 921 metuunt
700 881 917 935 accipere,
947 894 1001 922 eo
1029 882 1214 924 uberius
1244 883 1403 924 diuina
1432 884 1751 925 consolacione

215 946 510 988 donabuntur
536 947 748 988 exultare.
812 947 1009 990 Crebras
1030 949 1151 990 enim
1176 950 1467 993 uisitaciones
1491 951 1754 1005 spirituales

213 1015 457 1067 accipiunt,
484 1028 599 1069 quas
623 1015 668 1054 in
694 1016 1058 1070 congregacione
1081 1017 1217 1070 positi
1245 1018 1428 1071 penitus
1451 1019 1746 1073 ignorabunt.

217 1081 354 1123 Unde
378 1082 436 1122 ad
460 1082 670 1123 dilectam
694 1083 896 1123 animam
920 1083 1084 1124 dicitur
1104 1098 1113 1123 :
1150 1084 1367 1126 “Ducam
1394 1099 1492 1127 eam
1518 1087 1568 1128 in
1594 1087 1750 1129 solitu-

215 1148 368 1190 dinem
402 1155 443 1191 et
476 1150 634 1204 loquar
659 1150 717 1191 ad
750 1162 825 1191 cor
876 1151 1018 1191 ez'us.''2
1108 1152 1242 1193 Docti
1273 1152 1394 1193 enim
1423 1160 1529 1194 sunt
1563 1152 1749 1207 quidam

213 1217 437 1259 diuinitus
466 1232 550 1272 pro
582 1217 768 1259 Christo
799 1219 1093 1260 solitudinem
1120 1226 1345 1273 appetere,
1379 1219 1613 1273 singulare
1646 1231 1748 1272 pro-

212 1285 413 1338 positum
459 1293 621 1333 tenere,
668 1287 746 1340 qui
789 1287 941 1327 statim
989 1295 1035 1328 ut
1079 1287 1265 1328 liberius
1292 1300 1344 1328 ac
1387 1287 1606 1329 deuocius
1649 1287 1750 1327 Deo

211 1354 425 1401 seruiant‚
461 1353 615 1394 relicto
641 1355 873 1396 communi
902 1354 1074 1402 habitu,
1106 1355 1245 1396 seculi
1277 1355 1537 1395 transitoria
1568 1365 1749 1409 queque

211 1420 470 1474 despiciunt
500 1428 541 1461 et
564 1421 779 1469 abiciunt,
810 1422 1077 1475 temporalia
1106 1422 1273 1463 mentis
1298 1422 1577 1464 sublimitate
1602 1429 1747 1461 trans-

212 1487 424 1535 cendunt,
484 1488 580 1528 sola
636 1496 787 1529 eterna
845 1490 1016 1544 gaudia
1074 1490 1346 1538 desiderant,
1405 1490 1646 1531 deuocioni
1705 1495 1747 1529 et

208 1556 590 1609 contemplacioni
628 1563 803 1608 uacant,
841 1564 883 1597 et
918 1557 976 1598 ad
1012 1557 1261 1598 amandum
1296 1557 1553 1599 Christum3
1602 1565 1747 1599 totum

207 1625 279 1667 sui
323 1623 579 1677 temporis4
619 1623 823 1665 studium
865 1637 956 1664 non
1002 1637 1224 1678 occupare
1265 1631 1460 1666 cessant.
1539 1623 1748 1679 Quorum

208 1692 414 1746 plerique
440 1692 521 1732 etsi
558 1692 672 1731 inter
706 1691 916 1732 homines
950 1693 1107 1732 remoti
1143 1700 1512 1734 commorantur:
1551 1707 1577 1733 a
1606 1692 1742 1734 celes-

207 1758 330 1799 tibus
356 1766 507 1799 tamen
531 1759 769 1800 desideriis
792 1772 882 1799 non
909 1758 1119 1806 titubant,
1147 1759 1253 1813 quia
1280 1759 1460 1800 illorum
1487 1766 1662 1800 mentes
1685 1759 1742 1799 ab

210 1825 455 1879 impiorum
486 1827 838 1867 conuersacione
866 1826 1002 1880 longe
1028 1826 1214 1868 distant.

268 1893 409 1934 Recte
447 1893 598 1948 itaque
635 1893 850 1934 heremite
887 1894 1121 1948 singulare
1158 1894 1445 1947 propositum
1477 1893 1658 1942 habent,
1697 1893 1742 1933 in

208 1961 390 2001 caritate
424 1960 510 2001 Dei
543 1969 584 2002 et
616 1961 812 2015 proximi
846 1961 1022 2009 uiuunt,
1053 1961 1233 2002 laudem
1262 1962 1557 2015 temporalem
1591 1962 1742 2015 despi—

209 2028 346 2076 ciunt,
378 2028 509 2069 uisus
534 2028 773 2069 hominum
803 2042 887 2082 pro
916 2041 1051 2082 posse
1081 2028 1282 2082 fugiunt,
1317 2041 1478 2069 omnes
1507 2028 1746 2083 digniores

208 2108 256 2137 se
288 2102 463 2150 putant,
493 2096 707 2136 continue
739 2096 980 2136 deuocioni
1015 2102 1189 2136 mentes
1222 2109 1329 2136 suas
1357 2095 1560 2149 prebent,
1590 2095 1741 2136 ocium

205 2163 382 2213 odiunt,
421 2162 738 2216 uoluptatibus
767 2162 1029 2204 carnalibus
1064 2162 1254 2202 uiriliter
1290 2162 1518 2214 resistunt,
1555 2162 1744 2204 celescia

207 2231 393 2283 sapiunt
418 2239 459 2270 et
483 2231 692 2271 ardenter
717 2239 925 2285 querunt,
948 2238 1123 2271 terrena
1152 2244 1241 2270 non
1266 2231 1457 2283 cupiunt
1482 2231 1560 2272 sed
1583 2231 1740 2272 dereli-

206 2301 382 2351 quunt‚⁵
424 2293 648 2339 suauitate
683 2299 947 2339 oracionum
983 2297 1276 2339 delectantur.
1343 2297 1518 2340 Uerum
1556 2298 1743 2353 quidam

206 2379 363 2407 eorum
388 2373 538 2405 eterne
560 2365 822 2407 refeccionis
845 2365 1131 2406 dulcedinem
1156 2365 1378 2413 senciunt‚
1404 2366 1543 2407 immo
1567 2374 1607 2407 et
1628 2366 1738 2408 casti

205 2433 340 2474 corde
366 2440 407 2472 et
436 2446 636 2485 corpore,
666 2433 933 2473 intemerato
964 2432 1128 2473 mentis
1154 2433 1299 2480 oculo,
1328 2433 1516 2474 celestes
1543 2433 1668 2475 ciues
1696 2439 1738 2473 et

208 2500 357 2542 Deum
390 2500 707 2553 speculantur;
754 2500 861 2554 quia
892 2513 972 2553 per
1001 2513 1207 2541 amarum
1236 2499 1452 2553 poculum
1483 2497 1740 2553 penitencie

203 2574 245 2607 et
275 2581 497 2622 magnum
529 2566 756 2608 laborem6
790 2574 1084 2616 arnauerunt3
1123 2574 1164 2607 et
1197 2567 1284 2607 iam
1316 2580 1511 2620 superne
1541 2572 1738 2608 contem-

267 2658 295 2689 l.
325 2654 483 2696 Perhaps
516 2665 536 2685 a
569 2655 748 2686 reference
780 2659 818 2687 to
854 2654 963 2696 Hugh
998 2655 1036 2685 of
1072 2654 1104 2686 S.
1138 2654 1291 2686 Victor’s
1326 2654 1443 2686 “Non
1475 2657 1529 2686 est
1559 2653 1737 2686 solitarius

198 2709 275 2731 cum
295 2709 362 2741 quo
379 2702 432 2731 est
450 2698 580 2737 Deus?
599 2698 636 2729 in
656 2698 717 2730 the
736 2698 787 2731 De
809 2698 913 2730 arrha
933 2698 1057 2731 anime.
1115 2698 1252 2732 Patrol.
1291 2698 1373 2732 Lat.
1414 2697 1545 2739 clxxvi,
1584 2700 1657 2732 954.
1697 2698 1743 2730 cf.

196 2742 451 2827 Eccgsffbsleq
474 2788 504 2826 2,
528 2787 576 2817 14.
646 2788 676 2818 3.
711 2786 817 2818 Short
838 2787 936 2817 texts
955 2784 1101 2816 “Deum
1125 2783 1342 2816 Christum.”
1380 2788 1411 2818 4.
1441 2785 1489 2827 (9)
1515 2783 1737 2826 “corporis''

197 2833 227 2864 5.
260 2833 307 2874 (α)
335 2829 578 2871 “reliquunt.'’
652 2831 682 2863 6.
714 2830 761 2871 (9)
789 2828 976 2861 “laborem
1005 2827 1119 2860 uite.''
