1881 2985
278 191 546 226 THROUGH
577 192 705 229 EVIL
736 191 947 228 REPORT
979 191 1092 224 AND
1125 190 1272 225 GOOD
1304 190 1515 226 REPORT
1595 190 1661 233 169

133 308 191 349 ad
214 307 336 348 illam
361 308 512 348 aulam
542 308 711 362 regiam
740 307 784 347 in
812 321 902 361 qua
928 320 1030 347 cum
1055 306 1233 360 angelis
1262 306 1347 346 Dei
1374 313 1415 346 et
1441 305 1659 346 omnibus

133 374 300 416 sanctis
324 374 563 415 dulcedine
586 375 722 428 plena
744 374 1040 428 perfruemur,
1062 380 1238 427 oportet
1266 386 1350 413 nos
1376 372 1450 413 hic
1474 372 1655 427 probari

132 454 211 495 per
236 440 476 482 adulantes
504 449 545 481 et
570 441 867 488 detrahentes,
896 454 975 494 per
1003 440 1290 482 blandientes
1315 447 1356 480 et
1385 439 1655 485 mordentes,
1678 447 1702 481 f.
1723 450 1765 482 30

132 522 210 562 per
234 508 471 549 laudantes
494 516 535 549 et
559 509 880 562 uituperantes‚
905 514 951 548 ut
975 507 1020 547 in
1043 507 1167 547 omni
1193 506 1424 560 paciencia
1449 514 1490 546 et
1508 505 1656 547 humi-

131 575 253 616 litate
273 582 408 629 atque
431 576 624 624 caritate,
650 575 874 629 preceptis
896 582 938 615 et
960 573 1162 616 consiliis
1188 573 1359 615 Christi
1385 572 1655 620 inherentes,

130 655 459 696 usquequaque
502 643 745 683 examinati
792 642 1080 683 inueniamur
1124 641 1240 682 sicut
1285 640 1504 694 scriptum
1551 646 1647 680 est:

132 708 369 762 Tanquam
399 723 560 749 aurum
588 709 636 750 in
657 709 840 761 fornace
870 707 1081 763 probauit
1109 708 1212 749 illos
1232 708 1271 757 1;
1302 708 1424 762 quod
1453 707 1656 761 undique

131 776 285 829 ignem
309 775 457 824 habet,
482 784 523 817 et
543 776 718 818 inuenit
742 791 816 818 eos
841 776 1007 830 dignos
1028 791 1090 817 se.
1155 775 1233 817 Sic
1252 777 1310 817 sit
1335 790 1414 829 per
1438 789 1656 829 prospera

129 849 172 884 et
199 843 392 884 aduersa
418 851 715 892 transeamus,
742 857 822 898 per
854 844 1007 896 ignem
1039 852 1080 884 et
1112 857 1286 896 aquam,
1325 847 1469 887 donec
1499 856 1656 898 perue-

130 909 310 951 niamus
348 910 393 949 in
434 910 716 964 refrigerium
750 911 841 952 uite
879 911 1068 952 celestis.
1147 911 1382 953 Memento
1419 913 1570 969 itaque
1609 912 1654 952 in

126 976 252 1015 omni
284 976 556 1017 aduersitate
589 985 631 1018 et
660 978 850 1030 penuria
884 985 925 1018 et
959 985 1223 1031 paupertate
1258 979 1501 1033 nequando
1535 993 1654 1021 mur-

129 1057 280 1085 mures
318 1044 389 1085 uel
427 1044 615 1086 stultum
655 1045 765 1099 quid
803 1045 1003 1099 loquaris
1040 1052 1118 1086 aut
1155 1059 1445 1099 peruersum3
1494 1045 1573 1086 sed
1608 1044 1653 1084 in

127 1109 342 1151 omnibus
386 1110 565 1164 gracias
606 1124 706 1165 age,
753 1111 857 1153 inde
901 1112 1022 1152 enim
1068 1112 1315 1167 gloriosius
1357 1113 1416 1153 ad
1460 1125 1653 1167 regnum

126 1183 386 1217 sanctorum
439 1177 701 1226 eleuaberis,
751 1192 843 1233 quo
892 1179 1095 1233 predicta
1145 1181 1191 1220 in
1240 1181 1416 1222 mundo
1464 1181 1655 1222 libenter

126 1243 310 1297 pateris.

182 1309 223 1351 O
259 1311 412 1350 anima
453 1324 566 1361 mea,
614 1311 729 1352 inter
768 1312 924 1353 omnia
960 1326 1046 1367 que
1088 1314 1362 1368 contingunt
1405 1316 1654 1356 deuocione

123 1377 355 1428 delectata,
385 1378 520 1419 lauda
551 1379 819 1431 Dominum,
856 1381 1088 1423 laudando
1114 1383 1292 1424 sencias
1319 1383 1582 1424 dulcissona
1611 1391 1653 1424 et

125 1446 331 1487 canendo
353 1446 569 1501 degustes
592 1448 775 1489 mellita.
841 1449 962 1504 Quia
987 1450 1184 1492 laudabo
1209 1451 1461 1494 Dominum
1489 1453 1533 1493 in
1560 1453 1653 1494 uita

121 1526 235 1563 mea,
274 1513 372 1554 siue
412 1514 603 1555 tribulor
641 1515 738 1556 siue
782 1529 1037 1569 prosperor,
1082 1517 1181 1558 siue
1213 1519 1513 1572 opprobrium
1555 1520 1652 1562 siue

121 1581 339 1623 honorem
374 1583 564 1636 accipio,
602 1584 795 1638 psallam
832 1585 932 1626 Deo
963 1599 1065 1626 meo
1099 1587 1317 1640 quamdiu
1355 1588 1522 1631 fuero.2
1600 1589 1651 1631 Si

123 1651 307 1705 quiesco
345 1652 390 1692 in
433 1652 567 1695 Ihesu
607 1653 779 1694 iubilo:
827 1654 907 1694 etsi
947 1655 1314 1707 persecucionem
1354 1656 1521 1709 pacior,
1563 1655 1649 1696 Dei

119 1731 320 1759 amorem
347 1732 437 1759 non
461 1720 721 1761 obliuiscor.
786 1720 964 1762 Sufficit
985 1735 1093 1762 uero
1117 1721 1230 1762 mihi
1258 1729 1306 1763 ut
1326 1735 1474 1763 amem
1500 1722 1650 1763 Deum

122 1798 273 1827 meum
298 1792 340 1826 et
365 1787 629 1839 perueniam
652 1787 710 1828 ad
737 1801 866 1837 eum;
905 1787 1031 1829 aliud
1058 1801 1149 1829 non
1176 1802 1364 1843 possum
1391 1802 1540 1843 agere,
1569 1802 1650 1830 nec

119 1852 304 1894 alterius
333 1853 392 1893 rei
425 1866 506 1896 nec
533 1854 652 1895 actui
678 1854 953 1907 dispositum
981 1868 1051 1895 me
1081 1868 1217 1896 cerno
1247 1869 1383 1910 quarn
1408 1856 1465 1897 ad
1492 1869 1648 1897 aman-

120 1919 229 1961 dum
262 1919 512 1961 Christum.
578 1921 744 1963 Adhuc
778 1935 868 1962 non
901 1922 1121 1975 peruenio
1149 1922 1208 1963 ad
1239 1930 1415 1964 tantum
1445 1935 1647 1963 amorem

122 1986 207 2027 Dei
239 1987 297 2027 ad
326 1994 547 2041 quantum
578 1996 883 2042 peruenerunt
913 1996 1064 2042 patres
1091 1989 1192 2038 mei,
1220 1990 1297 2044 qui
1330 1989 1471 2030 eciam
1506 1988 1647 2030 multa

118 2052 207 2093 alia
237 2053 364 2095 utilia
393 2054 618 2104 fecerunt;
667 2055 787 2096 unde
821 2055 954 2097 ualde
986 2056 1203 2098 erubesco
1235 2064 1276 2097 et
1309 2057 1567 2099 confundor
1600 2057 1645 2097 in

117 2120 307 2173 meipso.
374 2120 513 2175 Ergo,
551 2121 592 2163 O
627 2121 841 2173 Domine,
875 2122 1015 2163 dilata
1045 2136 1123 2164 cor
1154 2136 1320 2174 meum,
1353 2131 1401 2164 ut
1434 2124 1649 2177 capacius

119 2187 196 2229 fiat
230 2188 288 2229 ad
326 2190 670 2242 percipiendum
704 2204 904 2232 amorem
946 2198 1092 2232 tuum.
1156 2190 1343 2246 Quanto
1381 2192 1502 2232 enim
1543 2191 1646 2246 quis

118 2255 326 2308 capacior
348 2263 427 2304 est,
449 2263 575 2298 tanto
598 2258 827 2299 caritatem
850 2257 1050 2311 amplius
1071 2258 1191 2312 capit
1211 2266 1253 2299 et
1273 2258 1405 2312 sapit,
1425 2266 1467 2299 et
1492 2258 1644 2299 minus
1667 2262 1690 2294 f.
1712 2263 1779 2296 3Οό

118 2321 174 2362 de
212 2335 345 2362 carne
383 2330 518 2371 curat,
557 2324 636 2364 sed
675 2338 776 2366 cum
815 2325 1106 2373 discrecione,
1145 2332 1193 2367 ut
1231 2326 1286 2367 de
1319 2339 1374 2367 eo
1409 2325 1485 2366 fiat
1520 2326 1644 2366 iuxta

116 2389 394 2444 sentenciam
433 2391 682 2443 sapientis:
721 2391 959 2432 Modicum
992 2392 1140 2446 inquit
1172 2392 1378 2434 laboraui
1409 2398 1450 2434 et
1485 2390 1643 2433 inueni

117 2454 233 2496 mihi
267 2455 458 2496 multam
499 2456 757 2511 requiem³;
817 2459 924 2513 quia
966 2465 1070 2512 post
1106 2472 1279 2512 paucos
1318 2471 1466 2499 annos
1507 2457 1645 2499 huius

118 2522 209 2564 uite
248 2522 422 2564 inuenit
460 2523 605 2566 iustus
645 2526 844 2580 requiem
884 2526 1145 2566 eternitatis.
1223 2526 1275 2567 In
1315 2527 1452 2568 huius
1489 2533 1640 2567 autern

117 2589 239 2630 exilii
274 2589 559 2631 habitacione
592 2599 778 2634 sanctus
811 2593 897 2632 Dei
930 2599 1104 2633 amator
1137 2606 1219 2634 nec
1251 2607 1299 2634 se
1334 2592 1471 2634 nimis
1503 2592 1640 2631 letum

171 2741 200 2771 1.
226 2739 310 2782 Sap.
330 2741 360 2778 3,
380 2741 408 2772 6.
480 2741 510 2772 2.
538 2739 581 2773 cf.
601 2740 736 2773 Psalm.
758 2742 830 2780 103,
849 2743 900 2773 33.
971 2743 1000 2773 3.
1027 2741 1266 2774 Ecclesiastici
1290 2744 1342 2781 51,
1370 2745 1421 2774 35.
