1881 2985
257 190 323 224 272
605 183 717 222 THE
754 185 976 223 NATURE
1013 187 1082 222 OF
1118 187 1262 226 TRUE
1300 190 1445 228 LOVE

257 305 299 338 et
333 299 377 339 in
413 300 581 342 melum
616 316 670 342 ex
700 303 889 345 internis
923 303 1220 359 hymnidicisl
1253 319 1549 361 erumpamus
1581 318 1622 351 et
1657 311 1786 365 quasi

257 368 641 419 pneumatizando
660 369 917 411 iubilemus.
984 370 1079 413 Nec
1099 373 1261 414 estimo
1281 374 1483 428 aliquam
1506 377 1786 430 uoluptatem

257 431 363 473 huic
393 433 589 475 similem
618 436 835 489 quoniam
868 437 1043 478 sincera
1071 439 1296 481 suauitate
1326 440 1531 492 inebriat,
1562 451 1603 484 et
1634 444 1786 485 dulce-

253 498 360 539 dine
413 507 570 541 sancta
625 501 827 542 delectat.
912 502 1210 558 Depurgatur
1263 506 1385 548 enim
1438 509 1593 550 anima
1648 523 1785 565 quam

251 568 445 608 assumit
492 569 631 610 sacris
680 570 916 618 incendiis,
978 585 1060 613 nec
1108 580 1307 614 remanet
1355 575 1399 615 in
1446 589 1499 616 ea
1538 577 1784 632 quicquam

254 634 576 688 rubiginosum
622 644 700 677 aut
745 637 1007 686 obscurum,
1046 640 1125 681 sed
1173 647 1317 681 totum
1364 642 1607 684 amenitate
1656 643 1784 684 almi-

250 702 407 755 phona
429 711 494 744 est
515 712 815 758 penetratum,
837 713 885 746 ut
906 706 1091 747 interior
1111 714 1272 749 natura
1295 709 1340 749 in
1362 710 1568 751 diuinam
1587 711 1782 766 gloriam

249 778 290 810 et
311 771 479 811 amoris
501 772 727 812 canticum
749 773 958 814 uideatur
975 788 1207 816 conuersa.
1258 775 1336 817 Sic
1359 778 1543 831 quidem
1568 779 1781 820 iocundat

248 850 377 877 amor
404 844 598 886 eternus,
645 846 687 879 et
729 839 1041 882 delectabilem
1090 842 1302 883 infundat
1346 845 1566 898 cop=iam,2
1613 853 1661 886 ut
1688 859 1780 886 non

247 912 472 958 cogantur
493 906 627 947 amici
653 907 751 948 eius
770 907 970 962 aliquem
994 908 1206 951 affectum
1229 918 1432 952 creature
1457 913 1616 953 mundi
1643 913 1782 955 huius

249 971 478 1022 inclinare,
512 974 762 1027 quominus
792 974 930 1016 libere
975 976 1021 1015 in
1066 976 1248 1018 laudem
1279 985 1322 1018 et
1365 992 1566 1020 amorem
1607 979 1779 1022 Christi

248 1038 383 1080 Ihesu
423 1040 691 1094 liquescant.
757 1042 894 1084 Disce
928 1044 1068 1097 igitur
1100 1058 1252 1086 amare
1284 1047 1530 1088 Auctorem
1567 1055 1709 1096 tuum,
1740 1048 1778 1089 si

246 1107 400 1148 uiuere
423 1108 555 1161 cupis.
575 1123 676 1150 cum
699 1110 804 1151 hinc
825 1111 1073 1152 transieris.
1141 1112 1243 1154 Hoc
1261 1127 1348 1168 age
1371 1122 1419 1154 ut
1439 1114 1608 1166 diligas
1627 1116 1777 1157 Deum

245 1174 289 1214 in
317 1175 409 1215 uita
430 1183 519 1223 tua,
543 1176 581 1218 si
608 1177 762 1218 uiuere
788 1178 859 1219 uis
885 1187 988 1232 post
1015 1187 1204 1220 mortem
1230 1188 1380 1231 tuam3
1407 1190 1603 1223 mentem
1630 1183 1777 1224 tribue

246 1242 308 1282 illi
338 1243 415 1297 qui
446 1256 545 1284 eam
583 1245 640 1285 ab
684 1245 850 1287 eternis
895 1253 937 1286 et
974 1247 1308 1300 temporalibus
1350 1249 1588 1291 doloribus
1629 1257 1776 1305 potest

242 1310 484 1351 custodire.
552 1311 688 1353 Unde
714 1326 860 1368 neque
880 1328 956 1355 cor
983 1322 1110 1355 tuum
1136 1316 1193 1357 ab
1218 1316 1320 1368 ipso
1342 1324 1589 1370 separetur,
1620 1331 1776 1373 quam-

243 1390 379 1431 quam
411 1378 456 1418 in
486 1379 760 1421 aduersitate
789 1388 830 1421 et
862 1382 1043 1423 miseria
1072 1384 1252 1436 positus
1280 1383 1433 1433 fueris,
1461 1385 1679 1440 quoniam
1710 1386 1775 1427 sic

242 1457 345 1484 eum
385 1458 487 1485 curn
526 1446 701 1500 gaudio
744 1446 919 1489 ualebis
972 1449 1206 1502 possidere
1254 1457 1296 1491 et
1350 1449 1501 1504 ipsum
1549 1450 1647 1492 sine
1685 1450 1774 1491 fine

241 1512 447 1567 diligere.
515 1513 566 1553 In
606 1514 692 1555 hoc
734 1516 855 1556 enim
902 1529 1060 1556 uerum
1104 1524 1352 1558 amatorem
1391 1525 1433 1559 te
1475 1519 1691 1567 ostendis,
1733 1519 1772 1560 si

242 1582 507 1622 memoriam
556 1582 641 1623 Dei
687 1597 713 1624 a
758 1591 800 1624 te
860 1597 1029 1638 uagare
1077 1599 1167 1626 non
1229 1586 1367 1633 sinas,
1409 1586 1507 1627 siue
1554 1600 1772 1640 prospera

240 1650 453 1690 eueniant
481 1651 578 1692 siue
608 1660 846 1692 occurrant
867 1653 1076 1694 aduersa.
1188 1655 1191 1657 ’

288 1718 330 1760 O
370 1719 488 1759 bone
525 1719 659 1760 Ihesu
695 1721 772 1774 qui
813 1721 924 1761 mihi
963 1721 1104 1762 uitam
1142 1721 1340 1763 tribuisti
1380 1723 1521 1763 eciam
1556 1724 1600 1763 in
1639 1731 1767 1764 tuum

238 1799 453 1833 amorem,
484 1786 632 1828 deduc
662 1801 731 1828 me
775 1788 831 1828 ad
874 1788 1024 1841 ipsum
1069 1789 1392 1841 suspirantem,
1440 1796 1579 1830 totam
1626 1791 1769 1830 inten-

238 1853 414 1894 cionem
444 1868 591 1894 meam
614 1868 725 1907 cape
753 1854 849 1902 tibi,
877 1863 925 1895 ut
952 1864 999 1896 tu
1029 1856 1091 1896 sis
1120 1862 1265 1896 totum
1294 1856 1570 1898 desiderium
1598 1870 1765 1908 meum,

239 1934 322 1962 nec
355 1920 471 1961 ultra
500 1927 541 1961 te
572 1921 747 1976 aliquid
781 1921 957 1962 affectet
991 1936 1066 1963 cor
1098 1921 1279 1963 meum!
1348 1922 1492 1962 Dolor
1525 1929 1566 1962 et
1595 1920 1769 1962 duricia

236 1989 530 2030 abscederent
550 2002 577 2029 a
598 2002 681 2036 me,
704 1989 878 2029 ueniret
898 2002 1080 2044 quoque
1102 1989 1225 2043 quod
1248 1989 1535 2042 concupisco,
1557 1990 1595 2031 si
1615 1988 1768 2029 anima

238 2069 336 2095 mea
369 2055 571 2096 audisset
609 2056 947 2110 accepissetque
991 2056 1219 2097 canticum
1273 2055 1422 2096 laudis
1469 2064 1560 2097 tue.
1624 2055 1769 2096 Amor

236 2131 343 2165 tuus
365 2124 408 2163 in
434 2124 567 2165 nobis
591 2138 770 2178 semp-er
792 2131 834 2165 et
857 2124 1082 2165 indefesse
1104 2132 1298 2175 maneat,
1327 2138 1381 2165 ex
1405 2138 1495 2179 quo
1519 2137 1766 2179 possumus

235 2204 338 2231 eum
374 2192 540 2232 sentire
574 2199 759 2245 propter
789 2192 911 2246 quod
947 2192 1197 2246 cogitatum
1232 2206 1384 2233 meum
1421 2193 1465 2232 in
1496 2199 1765 2247 potestatem

234 2265 357 2299 tuam
388 2258 459 2299 fac
490 2259 712 2307 stabilem,
744 2267 791 2299 ut
822 2272 1048 2313 nusquam
1083 2260 1217 2300 uanis
1248 2267 1289 2300 et
1324 2259 1563 2301 inutilibus
1596 2261 1764 2301 fantas-

235 2326 432 2368 matibus
467 2334 720 2375 euanescat,
756 2341 835 2369 nec
871 2328 1120 2382 aliquando
1151 2328 1381 2369 erroribus
1417 2328 1646 2379 illudatur,
1684 2327 1764 2370 sed

235 2407 381 2447 neque
411 2393 652 2435 inclinetur
679 2394 736 2435 ad
766 2402 989 2435 terrenam
1016 2394 1288 2446 felicitatem,
1319 2395 1391 2436 uel
1419 2396 1664 2436 amandam
1690 2396 1762 2436 uel

122 2472 146 2505 f.
166 2473 208 2508 97
236 2462 538 2515 laudandam;
576 2463 794 2516 quatinus
829 2476 958 2503 mens
981 2477 1079 2504 mea
1114 2477 1168 2504 ex
1203 2473 1245 2504 te
1278 2464 1481 2505 defecata
1513 2464 1572 2505 ita
1608 2465 1653 2504 in
1683 2472 1763 2505 tuo

229 2541 383 2568 amore
405 2528 572 2579 ardeat,
597 2536 644 2569 ut
670 2529 797 2570 nullo
814 2537 979 2570 euentu
1003 2529 1156 2572 subito
1177 2530 1249 2571 uel
1272 2531 1457 2584 preuiso
1480 2530 1756 2584 refrigescat.

232 2594 282 2636 Si
308 2596 429 2636 enim
453 2609 670 2636 amauero
690 2596 891 2651 aliquam
916 2604 1166 2638 creaturam
1190 2597 1349 2638 mundi
1375 2597 1527 2648 huius,
1551 2611 1638 2652 que
1663 2610 1759 2637 mee

229 2661 453 2702 uoluntati
480 2675 559 2716 per
584 2662 740 2703 omnia
766 2662 973 2717 placeret,
1002 2669 1043 2703 et
1068 2676 1265 2716 posuero
1290 2663 1512 2718 gaudium
1543 2677 1692 2704 meum
1716 2670 1758 2704 et

285 2762 311 2791 1.
343 2760 386 2801 (s)
420 2760 469 2802 (lc)
500 2760 775 2801 “himpnidiei.''
825 2761 874 2803 (Ῐι)
902 2761 1197 2802 “impnidicum.”
1244 2763 1273 2794 2.
1304 2762 1348 2804 (s)
1379 2761 1621 2803 “copiosam.''
