1881 2985
191 173 258 207 160
559 174 786 211 RATHER
820 175 965 212 LOVE
1000 174 1154 208 THAN
1190 174 1359 209 KNOW

191 290 392 332 Proinde
424 290 585 345 pocius
615 304 912 344 procuremus
945 297 993 331 ut
1031 303 1116 331 nos
1153 290 1309 332 intime
1344 293 1562 334 accendat
1597 306 1726 335 amor

190 354 362 399 Christi
393 371 530 413 quam
562 358 711 399 inutili
739 357 1047 411 disputacioni
1078 357 1388 400 intendamus.
1453 359 1577 401 Dum
1603 359 1725 400 enim

189 424 541 480 inuestigacioni
574 425 868 466 immoderate
899 425 1221 474 incumbimus,
1256 425 1488 467 dulcorem
1521 425 1728 480 profecto

190 497 340 533 eterne
364 493 605 534 suauitatis
636 506 727 533 non
755 493 996 533 sentimus.
1061 492 1199 534 Unde
1228 492 1316 533 iam
1346 493 1500 547 plures
1528 494 1573 534 in
1600 499 1729 534 tanto

191 559 405 600 incendio
437 560 631 601 sciencie
666 573 757 600 non
792 559 964 602 amoris
993 559 1204 614 flagrant,
1240 560 1363 615 quod
1398 561 1583 615 penitus
1616 560 1726 616 quid

188 627 246 668 sit
273 641 402 668 amor
429 628 500 669 uel
528 628 661 669 cuius
682 628 861 681 saporis
886 627 943 669 sit
972 627 1200 682 ignorent.
1265 627 1384 669 Cum
1413 628 1561 669 tocius
1586 627 1725 669 studii

187 695 259 737 sui
287 695 346 736 ad
375 695 497 737 hunc
525 695 661 735 finem
691 695 934 736 deberentl
965 694 1206 736 extendere
1235 702 1283 737 ut
1314 695 1359 735 in
1387 695 1546 736 diuino
1571 707 1725 736 amore

188 762 368 815 possint
410 762 582 803 ardere.
668 761 792 802 Proh
836 762 1019 815 pudor?
1064 761 1217 803 uetula
1254 762 1360 816 plus
1399 762 1628 816 experitur
1670 762 1727 804 de

190 829 306 870 Dei3
331 843 485 870 amore
514 836 556 869 et
584 829 736 871 minus
766 829 821 870 de
846 829 1007 871 mundi
1035 830 1269 883 uoluptate
1300 844 1437 884 quam
1466 829 1724 884 theologus,

187 896 319 938 cuius
340 897 542 938 studium
566 910 737 938 uanum
758 904 837 945 est,
860 897 968 951 quia
991 910 1073 950 pro
1096 897 1296 938 uanitate
1316 897 1467 939 studet
1489 904 1537 939 ut
1558 897 1726 939 sciatur

186 970 229 1005 et
252 964 485 1019 gloriosus
503 971 734 1018 appareat,
763 971 810 1006 ut
839 964 1042 1006 redditus
1067 972 1108 1005 et
1131 965 1380 1020 dignitates
1407 964 1619 1019 adquirat
1646 962 1723 1018 qui

187 1030 356 1072 stultus
381 1044 471 1072 non
502 1032 664 1073 doctus
693 1039 888 1073 meretur
920 1031 1158 1085 reputari.4

851 1188 960 1230 CAP.
993 1189 1037 1231 6.

428 1302 519 1357 (De
545 1317 680 1344 causa
705 1303 1005 1344 hereticorum
1033 1310 1074 1343 et
1096 1303 1185 1344 fide
1211 1303 1482 1357 Trinitatis,)

94 1434 165 1468 f25
243 1416 603 1472 [Abundancia5
636 1417 839 1460 ueritatis
866 1417 1041 1471 integre
1067 1424 1109 1458 et
1134 1424 1288 1458 sancte
1313 1418 1651 1472 inquirentibus
1678 1431 1726 1460 se

186 1486 399 1533 ostendit,
439 1493 480 1526 et
521 1492 676 1540 patent
716 1484 871 1527 clausa
913 1484 1113 1525 misteria
1153 1484 1261 1525 filiis
1300 1485 1502 1526 unitatis.
1588 1484 1726 1526 Unde

186 1552 486 1594 hereticorum
524 1566 722 1606 namque
758 1551 950 1606 perfidia
981 1552 1137 1603 oritur,
1179 1552 1265 1593 nisi
1301 1566 1355 1593 ex
1392 1552 1652 1593 inordinata
1683 1558 1725 1592 et

188 1622 530 1676 indisciplinata
558 1628 720 1669 mente,
745 1634 832 1675 que
856 1620 1062 1674 appetitu
1089 1620 1272 1674 proprie
1297 1619 1566 1661 excellencie
1593 1619 1724 1660 obce-

185 1697 330 1732 catur.
413 1688 534 1744 Quia
572 1702 681 1730 uero
718 1689 832 1728 inter
871 1701 918 1729 se
956 1701 1036 1741 per
1076 1687 1258 1728 inanem
1297 1688 1722 1742 concupiscenciam

188 1756 340 1798 Deum
378 1756 652 1810 impugnare
688 1769 779 1796 non
817 1755 1046 1804 desinunt,
1080 1769 1135 1796 ex
1174 1756 1336 1796 merito
1369 1769 1454 1798 suo
1493 1763 1560 1797 est
1600 1754 1723 1811 quod

183 1823 325 1864 eciam
354 1823 552 1864 exterius
579 1823 834 1865 manifestis
860 1822 1177 1877 argumentis6
1206 1823 1382 1864 ueritati
1407 1823 1650 1872 obsistunt,
1678 1829 1722 1863 et

182 1904 285 1932 cum
314 1890 564 1932 christiana
602 1890 796 1945 religio7
831 1891 889 1932 sit
920 1904 1102 1931 ornnem
1135 1891 1450 1932 contrarietam
1487 1890 1721 1932 abscidere

181 1968 223 2001 et
263 1961 307 2000 in
347 1961 566 2001 unitatem
600 1960 705 2001 fidei
743 1968 784 2000 et
819 1960 991 2001 amoris
1021 1958 1296 1999 conuenire:
1342 1958 1642 1999 hereticorum
1679 1966 1720 1999 et

183 2028 487 2082 superborum
510 2035 576 2069 est
598 2041 777 2082 semper
798 2041 943 2069 nouas
964 2027 1209 2081 opiniones
1230 2027 1434 2082 gignere,
1448 2034 1490 2067 et
1513 2024 1723 2067 insolitas

182 2096 240 2137 ab
272 2096 574 2137 ecclesiastica
605 2095 861 2137 assercione
889 2095 1158 2150 quesciones
1184 2094 1472 2148 peruulgare,
1503 2101 1546 2134 et
1574 2093 1639 2134 sic
1669 2106 1720 2133 ea

184 2179 271 2221 que
301 2164 457 2205 fideles
486 2163 719 2205 christiani
752 2164 1021 2205 inconcusse
1052 2163 1244 2203 retinent
1270 2162 1357 2216 ipsi
1384 2162 1482 2203 suis
1508 2160 1719 2203 uanitati-

183 2230 269 2271 bus
297 2230 520 2284 dissipare
554 2231 775 2285 gaudent.

242 2304 269 2333 1.
298 2301 407 2334 Short
423 2305 523 2334 texts
541 2303 561 2318 “
574 2301 739 2334 debent.'⁷
820 2303 851 2334 2.
879 2302 930 2344 (a.)
947 2301 997 2343 (j)
1014 2301 1258 2340 uncorrected,
1277 2301 1325 2342 (k)
1344 2303 1395 2342 (n)
1414 2303 1460 2343 (q)
1480 2301 1572 2333 have
1598 2303 1621 2317 “
1635 2301 1723 2344 proh

181 2345 313 2378 dolor.’'
359 2347 390 2377 3.
418 2348 466 2387 (9)
486 2348 506 2362 “
521 2345 680 2378 diuino.’'
726 2347 756 2376 4.
785 2345 861 2377 The
878 2348 966 2377 next
983 2345 1133 2386 chapter
1147 2344 1178 2376 is
1194 2344 1348 2377 omitted
1366 2345 1401 2376 in
1421 2344 1483 2376 the
1496 2344 1597 2377 short
1609 2347 1719 2378 texta

182 2389 231 2431 (j)
249 2388 272 2420 f.
293 2389 335 2423 70
352 2388 416 2420 has
432 2400 454 2420 a
470 2389 647 2430 marginal
664 2391 749 2420 note
769 2391 792 2405 “
806 2389 964 2431 Require
980 2387 1179 2430 capitulum
1197 2390 1341 2420 sextum
1358 2399 1380 2420 a
1397 2387 1545 2420 sinistra
1560 2390 1663 2430 parte
1676 2389 1722 2421 ad

181 2432 294 2465 talem
311 2432 463 2473 signum.
499 2432 550 2469 0²²
578 2432 708 2471 (where
724 2432 755 2464 it
768 2432 798 2463 is
813 2431 977 2474 actually
993 2432 1126 2473 given),
1148 2442 1191 2463 on
1211 2431 1233 2464 f.
1251 2433 1302 2464 25.

238 2477 271 2508 5.
298 2475 385 2507 This
416 2486 568 2517 passage
601 2474 1026 2516 (“abundancia-cruce,'’
1058 2485 1091 2516 p.
1114 2476 1200 2513 163),
1235 2474 1351 2506 which
1379 2474 1410 2506 is
1437 2474 1589 2506 distinct
1616 2474 1719 2515 from,

180 2518 322 2560 though
339 2518 369 2551 it
386 2518 587 2558 resembles,
606 2518 738 2550 Rolle's
755 2523 851 2551 tract
867 2530 912 2550 on
929 2518 992 2550 the
1009 2518 1239 2550 Athanasian
1261 2517 1388 2556 Creed,
1412 2517 1556 2560 printed
1583 2517 1723 2561 Maqna

179 2561 401 2594 Bibliotheca
424 2561 587 2594 Vetermn
610 2562 776 2601 Patrnm,
807 2562 936 2604 Lyons,
967 2562 1062 2599 1677,
1092 2561 1187 2601 xxvi,
1208 2563 1283 2600 613,
1310 2562 1340 2593 is
1363 2572 1384 2593 a
1408 2561 1606 2603 digression
1630 2561 1721 2595 from

179 2604 242 2637 the
272 2605 369 2637 main
397 2605 493 2647 topic
520 2605 557 2637 of
585 2605 647 2637 the
674 2604 779 2637 book.
842 2606 892 2637 As
916 2605 1013 2645 such,
1036 2604 1066 2637 it
1083 2604 1201 2646 might
1217 2605 1309 2637 have
1325 2604 1414 2637 been
1432 2603 1591 2636 inserted
1607 2604 1721 2640 later:

179 2647 247 2681 but
270 2648 446 2691 probably
469 2659 542 2680 was
565 2648 729 2690 actually
748 2648 903 2681 omitted
926 2647 975 2691 by
992 2648 1054 2680 the
1070 2648 1241 2690 compiler
1256 2648 1293 2680 of
1309 2648 1372 2681 the
1388 2647 1488 2680 short
1504 2650 1586 2680 text
1601 2658 1641 2680 as
1657 2651 1722 2682 not

178 2691 325 2734 dealing
342 2692 430 2724 with
448 2691 744 2733 contemplation.
814 2694 844 2724 6.
873 2691 925 2734 (f)
943 2691 1014 2723 and
1033 2690 1077 2733 (j)
1094 2691 1338 2731 uncorrected,
1358 2691 1472 2723 insert
1490 2692 1507 2706 ‘⁶
1519 2691 1721 2733 quamuis.’'

179 2735 208 2770 7.
229 2734 287 2767 Sic
303 2748 312 2774 ;
342 2735 559 2777 apparently
576 2734 631 2767 for
650 2738 672 2752 ‘⁴
684 2735 880 2767 christiane
897 2733 1112 2777 religioniS.''
