<?xml version="1.0" encoding="UTF-8"?>
<!DOCTYPE html PUBLIC "-//W3C//DTD XHTML 1.0 Transitional//EN"
    "http://www.w3.org/TR/xhtml1/DTD/xhtml1-transitional.dtd">
<html xmlns="http://www.w3.org/1999/xhtml" xml:lang="en" lang="en">
 <head>
  <title>
</title>
<meta http-equiv="Content-Type" content="text/html;charset=utf-8" />
  <meta name='ocr-system' content='tesseract 3.04.00' />
  <meta name='ocr-capabilities' content='ocr_page ocr_carea ocr_par ocr_line ocrx_word'/>
</head>
<body>
  <div class='ocr_page' id='page_1' title='image "./incendiumamoris00rolluoft_0177.png"; bbox 0 0 1809 3036; ppageno 0'>
   <div class='ocr_carea' id='block_1_1' title="bbox 432 230 1652 275">
    <p class='ocr_par' dir='ltr' id='par_1_1' title="bbox 432 230 1652 275">
     <span class='ocr_line' id='line_1_1' title="bbox 432 230 1652 275; baseline 0.002 -12"><span class='ocrx_word' id='word_1_1' title='bbox 432 230 769 266; x_wconf 88' lang='lat' dir='ltr'><strong>DEDICATION</strong></span> <span class='ocrx_word' id='word_1_2' title='bbox 799 230 867 265; x_wconf 92' lang='lat' dir='ltr'>OF</span> <span class='ocrx_word' id='word_1_3' title='bbox 895 230 1007 266; x_wconf 89' lang='lat' dir='ltr'>THE</span> <span class='ocrx_word' id='word_1_4' title='bbox 1037 230 1346 265; x_wconf 88' lang='lat' dir='ltr'><strong>INCENDIUM</strong></span> <span class='ocrx_word' id='word_1_5' title='bbox 1588 241 1652 275; x_wconf 84' lang='lat'>147</span> 
     </span>
    </p>
   </div>
   <div class='ocr_carea' id='block_1_2' title="bbox 118 344 1654 1275">
    <p class='ocr_par' dir='ltr' id='par_1_2' title="bbox 118 344 1647 870">
     <span class='ocr_line' id='line_1_2' title="bbox 122 344 1644 400; baseline 0.001 -15"><span class='ocrx_word' id='word_1_6' title='bbox 122 344 224 385; x_wconf 89' lang='lat' dir='ltr'>ocio</span> <span class='ocrx_word' id='word_1_7' title='bbox 267 345 453 386; x_wconf 88' lang='lat' dir='ltr'>aduenit</span> <span class='ocrx_word' id='word_1_8' title='bbox 500 346 611 386; x_wconf 90' lang='lat' dir='ltr'>mihi</span> <span class='ocrx_word' id='word_1_9' title='bbox 654 345 892 388; x_wconf 84' lang='lat' dir='ltr'>affluencia</span> <span class='ocrx_word' id='word_1_10' title='bbox 938 345 1106 386; x_wconf 87' lang='lat' dir='ltr'>amoris</span> <span class='ocrx_word' id='word_1_11' title='bbox 1153 346 1306 394; x_wconf 87' lang='lat' dir='ltr'>eterni,</span> <span class='ocrx_word' id='word_1_12' title='bbox 1349 359 1494 400; x_wconf 88' lang='lat' dir='ltr'>neque</span> <span class='ocrx_word' id='word_1_13' title='bbox 1536 347 1644 387; x_wconf 90' lang='lat' dir='ltr'>dum</span> 
     </span>
     <span class='ocr_line' id='line_1_3' title="bbox 119 411 1644 466; baseline 0.001 -15"><span class='ocrx_word' id='word_1_14' title='bbox 119 411 412 464; x_wconf 81' lang='lat' dir='ltr'>corporaliter</span> <span class='ocrx_word' id='word_1_15' title='bbox 455 413 592 454; x_wconf 87' lang='lat' dir='ltr'>nimis</span> <span class='ocrx_word' id='word_1_16' title='bbox 626 413 799 453; x_wconf 89' lang='lat' dir='ltr'>fueram</span> <span class='ocrx_word' id='word_1_17' title='bbox 842 412 1062 466; x_wconf 86' lang='lat' dir='ltr'>fatigatus</span> <span class='ocrx_word' id='word_1_18' title='bbox 1102 426 1184 466; x_wconf 93' lang='lat' dir='ltr'>pro</span> <span class='ocrx_word' id='word_1_19' title='bbox 1228 412 1399 464; x_wconf 82' lang='lat' dir='ltr'>itinere,</span> <span class='ocrx_word' id='word_1_20' title='bbox 1438 413 1644 454; x_wconf 90' lang='lat' dir='ltr'>ardorem</span> 
     </span>
     <span class='ocr_line' id='line_1_4' title="bbox 122 479 1645 535; baseline 0.001 -16"><span class='ocrx_word' id='word_1_21' title='bbox 122 479 272 532; x_wconf 87' lang='lat' dir='ltr'>ipsum</span> <span class='ocrx_word' id='word_1_22' title='bbox 316 480 597 533; x_wconf 89' lang='lat' dir='ltr'>spiritualem</span> <span class='ocrx_word' id='word_1_23' title='bbox 644 482 770 535; x_wconf 90' lang='lat' dir='ltr'>potui</span> <span class='ocrx_word' id='word_1_24' title='bbox 819 481 997 528; x_wconf 89' lang='lat' dir='ltr'>sentire,</span> <span class='ocrx_word' id='word_1_25' title='bbox 1041 488 1118 522; x_wconf 89' lang='lat' dir='ltr'>aut</span> <span class='ocrx_word' id='word_1_26' title='bbox 1166 480 1307 521; x_wconf 89' lang='lat' dir='ltr'>eciam</span> <span class='ocrx_word' id='word_1_27' title='bbox 1353 481 1645 521; x_wconf 78' lang='lat' dir='ltr'>immoderate</span> 
     </span>
     <span class='ocr_line' id='line_1_5' title="bbox 118 546 1645 602; baseline 0 -15"><span class='ocrx_word' id='word_1_28' title='bbox 118 553 368 600; x_wconf 88' lang='lat' dir='ltr'>occupatus</span> <span class='ocrx_word' id='word_1_29' title='bbox 391 548 529 588; x_wconf 90' lang='lat' dir='ltr'>seculi</span> <span class='ocrx_word' id='word_1_30' title='bbox 552 548 745 596; x_wconf 86' lang='lat' dir='ltr'>solaciis,</span> <span class='ocrx_word' id='word_1_31' title='bbox 768 548 839 590; x_wconf 91' lang='lat' dir='ltr'>uel</span> <span class='ocrx_word' id='word_1_32' title='bbox 866 547 1049 602; x_wconf 90' lang='lat' dir='ltr'>quidem</span> <span class='ocrx_word' id='word_1_33' title='bbox 1079 546 1385 589; x_wconf 82' lang='lat' dir='ltr'>ultramodum</span> <span class='ocrx_word' id='word_1_34' title='bbox 1403 547 1417 571; x_wconf 78' lang='lat'>1</span> <span class='ocrx_word' id='word_1_35' title='bbox 1443 548 1645 600; x_wconf 87' lang='lat' dir='ltr'>disputa-</span> 
     </span>
     <span class='ocr_line' id='line_1_6' title="bbox 120 613 1644 669; baseline 0.001 -15"><span class='ocrx_word' id='word_1_36' title='bbox 120 613 331 655; x_wconf 91' lang='lat' dir='ltr'>cionibus</span> <span class='ocrx_word' id='word_1_37' title='bbox 358 614 550 662; x_wconf 83' lang='lat' dir='ltr'>deditus,</span> <span class='ocrx_word' id='word_1_38' title='bbox 582 615 721 656; x_wconf 89' lang='lat' dir='ltr'>immo</span> <span class='ocrx_word' id='word_1_39' title='bbox 750 629 820 656; x_wconf 92' lang='lat' dir='ltr'>me</span> <span class='ocrx_word' id='word_1_40' title='bbox 847 615 891 654; x_wconf 90' lang='lat' dir='ltr'>in</span> <span class='ocrx_word' id='word_1_41' title='bbox 922 615 1090 655; x_wconf 88' lang='lat' dir='ltr'>talibus</span> <span class='ocrx_word' id='word_1_42' title='bbox 1122 614 1460 669; x_wconf 86' lang='lat' dir='ltr'>refrigerescere</span> <span class='ocrx_word' id='word_1_43' title='bbox 1489 615 1644 667; x_wconf 90' lang='lat' dir='ltr'>depre-</span> 
     </span>
     <span class='ocr_line' id='line_1_7' title="bbox 121 679 1647 737; baseline 0.001 -17"><span class='ocrx_word' id='word_1_44' title='bbox 121 679 272 728; x_wconf 87' lang='lat' dir='ltr'>hendi,</span> <span class='ocrx_word' id='word_1_45' title='bbox 300 681 444 723; x_wconf 92' lang='lat' dir='ltr'>donec</span> <span class='ocrx_word' id='word_1_46' title='bbox 473 681 646 733; x_wconf 87' lang='lat' dir='ltr'>iterum,</span> <span class='ocrx_word' id='word_1_47' title='bbox 680 681 947 736; x_wconf 89' lang='lat' dir='ltr'>postpositis</span> <span class='ocrx_word' id='word_1_48' title='bbox 976 681 1222 722; x_wconf 80' lang='lat' dir='ltr'>omnibus2</span> <span class='ocrx_word' id='word_1_49' title='bbox 1253 682 1420 737; x_wconf 88' lang='lat' dir='ltr'>quibus</span> <span class='ocrx_word' id='word_1_50' title='bbox 1450 682 1647 722; x_wconf 79' lang='lat' dir='ltr'>exterius</span> 
     </span>
     <span class='ocr_line' id='line_1_8' title="bbox 118 747 1644 802; baseline 0 -14"><span class='ocrx_word' id='word_1_51' title='bbox 118 760 300 801; x_wconf 89' lang='lat' dir='ltr'>possem</span> <span class='ocrx_word' id='word_1_52' title='bbox 327 747 530 796; x_wconf 85' lang='lat' dir='ltr'>detineri,</span> <span class='ocrx_word' id='word_1_53' title='bbox 557 749 847 790; x_wconf 87' lang='lat' dir='ltr'>solummodo</span> <span class='ocrx_word' id='word_1_54' title='bbox 874 748 1126 790; x_wconf 85' lang='lat' dir='ltr'>Saluatoris</span> <span class='ocrx_word' id='word_1_55' title='bbox 1149 749 1409 802; x_wconf 80' lang='lat' dir='ltr'>aspectibus</span> <span class='ocrx_word' id='word_1_56' title='bbox 1435 749 1644 790; x_wconf 86' lang='lat' dir='ltr'>assistere</span> 
     </span>
     <span class='ocr_line' id='line_1_9' title="bbox 121 814 1464 870; baseline 0 -15"><span class='ocrx_word' id='word_1_57' title='bbox 121 814 453 863; x_wconf 87' lang='lat' dir='ltr'>contenderem,</span> <span class='ocrx_word' id='word_1_58' title='bbox 481 815 525 856; x_wconf 90' lang='lat' dir='ltr'>in</span> <span class='ocrx_word' id='word_1_59' title='bbox 554 815 570 838; x_wconf 81' lang='lat'>3</span> <span class='ocrx_word' id='word_1_60' title='bbox 606 816 884 870; x_wconf 87' lang='lat' dir='ltr'>internisque</span> <span class='ocrx_word' id='word_1_61' title='bbox 914 816 1155 858; x_wconf 85' lang='lat' dir='ltr'>ardoribus</span> <span class='ocrx_word' id='word_1_62' title='bbox 1188 816 1464 857; x_wconf 89' lang='lat' dir='ltr'>immorarer.</span> 
     </span>
    </p>

    <p class='ocr_par' dir='ltr' id='par_1_3' title="bbox 124 880 1654 1275">
     <span class='ocr_line' id='line_1_10' title="bbox 183 880 1649 936; baseline 0.001 -15"><span class='ocrx_word' id='word_1_63' title='bbox 183 880 326 922; x_wconf 90' lang='lat' dir='ltr'>Istum</span> <span class='ocrx_word' id='word_1_64' title='bbox 362 895 474 936; x_wconf 88' lang='lat' dir='ltr'>ergo</span> <span class='ocrx_word' id='word_1_65' title='bbox 510 882 675 924; x_wconf 89' lang='lat' dir='ltr'>librum</span> <span class='ocrx_word' id='word_1_66' title='bbox 714 882 853 924; x_wconf 85' lang='lat' dir='ltr'>offero</span> <span class='ocrx_word' id='word_1_67' title='bbox 893 883 1174 931; x_wconf 87' lang='lat' dir='ltr'>intuendum,</span> <span class='ocrx_word' id='word_1_68' title='bbox 1216 896 1306 924; x_wconf 94' lang='lat' dir='ltr'>non</span> <span class='ocrx_word' id='word_1_69' title='bbox 1345 882 1649 936; x_wconf 88' lang='lat' dir='ltr'>philosophis,</span> 
     </span>
     <span class='ocr_line' id='line_1_11' title="bbox 124 949 1652 1005; baseline 0.001 -17"><span class='ocrx_word' id='word_1_70' title='bbox 124 961 215 989; x_wconf 93' lang='lat' dir='ltr'>non</span> <span class='ocrx_word' id='word_1_71' title='bbox 257 949 415 989; x_wconf 88' lang='lat' dir='ltr'>mundi</span> <span class='ocrx_word' id='word_1_72' title='bbox 453 949 751 1002; x_wconf 83' lang='lat' dir='ltr'>sapientibus,</span> <span class='ocrx_word' id='word_1_73' title='bbox 796 963 885 990; x_wconf 93' lang='lat' dir='ltr'>non</span> <span class='ocrx_word' id='word_1_74' title='bbox 928 950 1112 1005; x_wconf 88' lang='lat' dir='ltr'>magnis</span> <span class='ocrx_word' id='word_1_75' title='bbox 1151 950 1420 1004; x_wconf 82' lang='lat' dir='ltr'>theologicis</span> <span class='ocrx_word' id='word_1_76' title='bbox 1461 949 1652 990; x_wconf 89' lang='lat' dir='ltr'>infinitis</span> 
     </span>
     <span class='ocr_line' id='line_1_12' title="bbox 126 1016 1652 1071; baseline -0.001 -13"><span class='ocrx_word' id='word_1_77' title='bbox 126 1017 450 1071; x_wconf 89' lang='lat' dir='ltr'>quescionibus</span> <span class='ocrx_word' id='word_1_78' title='bbox 498 1018 754 1071; x_wconf 80' lang='lat' dir='ltr'>implicatis,</span> <span class='ocrx_word' id='word_1_79' title='bbox 802 1018 881 1059; x_wconf 87' lang='lat' dir='ltr'>sed</span> <span class='ocrx_word' id='word_1_80' title='bbox 925 1018 1113 1060; x_wconf 89' lang='lat' dir='ltr'>rudibus</span> <span class='ocrx_word' id='word_1_81' title='bbox 1160 1025 1201 1059; x_wconf 90' lang='lat' dir='ltr'>et</span> <span class='ocrx_word' id='word_1_82' title='bbox 1249 1018 1455 1065; x_wconf 87' lang='lat' dir='ltr'>indoctis,</span> <span class='ocrx_word' id='word_1_83' title='bbox 1502 1016 1652 1071; x_wconf 88' lang='lat' dir='ltr'>magis</span> 
     </span>
     <span class='ocr_line' id='line_1_13' title="bbox 127 1083 1651 1139; baseline 0.001 -15"><span class='ocrx_word' id='word_1_84' title='bbox 127 1083 276 1124; x_wconf 88' lang='lat' dir='ltr'>Deum</span> <span class='ocrx_word' id='word_1_85' title='bbox 312 1084 501 1138; x_wconf 89' lang='lat' dir='ltr'>diligere</span> <span class='ocrx_word' id='word_1_86' title='bbox 536 1098 671 1139; x_wconf 90' lang='lat' dir='ltr'>quam</span> <span class='ocrx_word' id='word_1_87' title='bbox 709 1086 850 1125; x_wconf 91' lang='lat' dir='ltr'>multa</span> <span class='ocrx_word' id='word_1_88' title='bbox 887 1085 999 1126; x_wconf 88' lang='lat' dir='ltr'>scire</span> <span class='ocrx_word' id='word_1_89' title='bbox 1034 1085 1320 1126; x_wconf 89' lang='lat' dir='ltr'>conantibus.</span> <span class='ocrx_word' id='word_1_90' title='bbox 1385 1085 1490 1126; x_wconf 91' lang='lat' dir='ltr'>Non</span> <span class='ocrx_word' id='word_1_91' title='bbox 1531 1085 1651 1126; x_wconf 89' lang='lat' dir='ltr'>enirn</span> 
     </span>
     <span class='ocr_line' id='line_1_14' title="bbox 127 1152 1654 1207; baseline 0.001 -15"><span class='ocrx_word' id='word_1_92' title='bbox 127 1152 407 1205; x_wconf 88' lang='lat' dir='ltr'>disputando</span> <span class='ocrx_word' id='word_1_93' title='bbox 453 1153 531 1194; x_wconf 89' lang='lat' dir='ltr'>sed</span> <span class='ocrx_word' id='word_1_94' title='bbox 578 1153 760 1207; x_wconf 90' lang='lat' dir='ltr'>agendo</span> <span class='ocrx_word' id='word_1_95' title='bbox 808 1153 984 1201; x_wconf 82' lang='lat' dir='ltr'>scietur,</span> <span class='ocrx_word' id='word_1_96' title='bbox 1033 1160 1074 1193; x_wconf 91' lang='lat' dir='ltr'>et</span> <span class='ocrx_word' id='word_1_97' title='bbox 1120 1153 1355 1193; x_wconf 76' lang='lat' dir='ltr'>amando.4</span> <span class='ocrx_word' id='word_1_98' title='bbox 1444 1153 1654 1194; x_wconf 87' lang='lat' dir='ltr'>Arbitror</span> 
     </span>
     <span class='ocr_line' id='line_1_15' title="bbox 127 1220 1651 1275; baseline 0 -16"><span class='ocrx_word' id='word_1_99' title='bbox 127 1226 277 1260; x_wconf 87' lang='lat' dir='ltr'>autem</span> <span class='ocrx_word' id='word_1_100' title='bbox 311 1233 362 1260; x_wconf 91' lang='lat' dir='ltr'>ea</span> <span class='ocrx_word' id='word_1_101' title='bbox 396 1233 482 1274; x_wconf 90' lang='lat' dir='ltr'>que</span> <span class='ocrx_word' id='word_1_102' title='bbox 514 1220 586 1262; x_wconf 93' lang='lat' dir='ltr'>hic</span> <span class='ocrx_word' id='word_1_103' title='bbox 619 1221 907 1262; x_wconf 88' lang='lat' dir='ltr'>continentur</span> <span class='ocrx_word' id='word_1_104' title='bbox 939 1221 995 1261; x_wconf 90' lang='lat' dir='ltr'>ab</span> <span class='ocrx_word' id='word_1_105' title='bbox 1035 1221 1132 1262; x_wconf 90' lang='lat' dir='ltr'>istis</span> <span class='ocrx_word' id='word_1_106' title='bbox 1170 1221 1488 1275; x_wconf 86' lang='lat' dir='ltr'>questionariis</span> <span class='ocrx_word' id='word_1_107' title='bbox 1525 1227 1567 1260; x_wconf 90' lang='lat' dir='ltr'>et</span> <span class='ocrx_word' id='word_1_108' title='bbox 1606 1220 1651 1259; x_wconf 90' lang='lat' dir='ltr'>in</span> 
     </span>
    </p>
   </div>
   <div class='ocr_carea' id='block_1_3' title="bbox 128 1286 1707 1335">
    <p class='ocr_par' dir='ltr' id='par_1_4' title="bbox 128 1286 1707 1335">
     <span class='ocr_line' id='line_1_16' title="bbox 128 1286 1707 1335; baseline 0.001 -8"><span class='ocrx_word' id='word_1_109' title='bbox 128 1287 253 1327; x_wconf 92' lang='lat' dir='ltr'>omni</span> <span class='ocrx_word' id='word_1_110' title='bbox 291 1286 485 1328; x_wconf 87' lang='lat' dir='ltr'>sciencia</span> <span class='ocrx_word' id='word_1_111' title='bbox 516 1287 720 1335; x_wconf 85' lang='lat' dir='ltr'>summis,</span> <span class='ocrx_word' id='word_1_112' title='bbox 758 1288 837 1328; x_wconf 90' lang='lat' dir='ltr'>sed</span> <span class='ocrx_word' id='word_1_113' title='bbox 876 1287 920 1327; x_wconf 91' lang='lat' dir='ltr'>in</span> <span class='ocrx_word' id='word_1_114' title='bbox 957 1301 1110 1328; x_wconf 90' lang='lat' dir='ltr'>amore</span> <span class='ocrx_word' id='word_1_115' title='bbox 1141 1287 1311 1329; x_wconf 89' lang='lat' dir='ltr'>Christi</span> <span class='ocrx_word' id='word_1_116' title='bbox 1349 1287 1653 1334; x_wconf 83' lang='lat' dir='ltr'>inferioribuS,</span> <span class='ocrx_word' id='word_1_117' title='bbox 1695 1304 1707 1321; x_wconf 64' lang='lat'><em>2</em></span> 
     </span>
    </p>
   </div>
   <div class='ocr_carea' id='block_1_4' title="bbox 128 1354 1660 2470">
    <p class='ocr_par' dir='ltr' id='par_1_5' title="bbox 128 1354 1660 2470">
     <span class='ocr_line' id='line_1_17' title="bbox 130 1354 1653 1408; baseline 0.001 -15"><span class='ocrx_word' id='word_1_118' title='bbox 130 1367 221 1394; x_wconf 93' lang='lat' dir='ltr'>non</span> <span class='ocrx_word' id='word_1_119' title='bbox 257 1367 391 1407; x_wconf 91' lang='lat' dir='ltr'>posse</span> <span class='ocrx_word' id='word_1_120' title='bbox 426 1354 643 1408; x_wconf 82' lang='lat' dir='ltr'>intellegi.</span> <span class='ocrx_word' id='word_1_121' title='bbox 722 1354 859 1395; x_wconf 92' lang='lat' dir='ltr'>Unde</span> <span class='ocrx_word' id='word_1_122' title='bbox 895 1368 976 1394; x_wconf 89' lang='lat' dir='ltr'>nec</span> <span class='ocrx_word' id='word_1_123' title='bbox 1010 1355 1075 1396; x_wconf 86' lang='lat' dir='ltr'>eis</span> <span class='ocrx_word' id='word_1_124' title='bbox 1109 1354 1303 1396; x_wconf 89' lang='lat' dir='ltr'>scribere</span> <span class='ocrx_word' id='word_1_125' title='bbox 1338 1355 1530 1402; x_wconf 80' lang='lat' dir='ltr'>decreui,</span> <span class='ocrx_word' id='word_1_126' title='bbox 1566 1354 1653 1395; x_wconf 90' lang='lat' dir='ltr'>nisi</span> 
     </span>
     <span class='ocr_line' id='line_1_18' title="bbox 129 1420 1654 1475; baseline 0.001 -14"><span class='ocrx_word' id='word_1_127' title='bbox 129 1421 397 1475; x_wconf 91' lang='lat' dir='ltr'>postpositis</span> <span class='ocrx_word' id='word_1_128' title='bbox 420 1428 461 1462; x_wconf 91' lang='lat' dir='ltr'>et</span> <span class='ocrx_word' id='word_1_129' title='bbox 482 1421 635 1462; x_wconf 88' lang='lat' dir='ltr'>oblitis</span> <span class='ocrx_word' id='word_1_130' title='bbox 657 1422 831 1462; x_wconf 89' lang='lat' dir='ltr'>cunctis</span> <span class='ocrx_word' id='word_1_131' title='bbox 852 1435 938 1475; x_wconf 91' lang='lat' dir='ltr'>que</span> <span class='ocrx_word' id='word_1_132' title='bbox 958 1421 1015 1462; x_wconf 91' lang='lat' dir='ltr'>ad</span> <span class='ocrx_word' id='word_1_133' title='bbox 1038 1422 1261 1463; x_wconf 88' lang='lat' dir='ltr'>mundum</span> <span class='ocrx_word' id='word_1_134' title='bbox 1285 1422 1524 1475; x_wconf 83' lang='lat' dir='ltr'>pertinent,</span> <span class='ocrx_word' id='word_1_135' title='bbox 1543 1420 1654 1463; x_wconf 90' lang='lat' dir='ltr'>solis</span> 
     </span>
     <span class='ocr_line' id='line_1_19' title="bbox 129 1487 1653 1544; baseline 0 -16"><span class='ocrx_word' id='word_1_136' title='bbox 129 1487 393 1529; x_wconf 87' lang='lat' dir='ltr'>Conditoris</span> <span class='ocrx_word' id='word_1_137' title='bbox 413 1488 649 1529; x_wconf 88' lang='lat' dir='ltr'>desideriis</span> <span class='ocrx_word' id='word_1_138' title='bbox 673 1488 957 1530; x_wconf 88' lang='lat' dir='ltr'>inardescant</span> <span class='ocrx_word' id='word_1_139' title='bbox 980 1489 1244 1542; x_wconf 86' lang='lat' dir='ltr'>mancipari.</span> <span class='ocrx_word' id='word_1_140' title='bbox 1292 1488 1449 1529; x_wconf 86' lang='lat' dir='ltr'>Primo</span> <span class='ocrx_word' id='word_1_141' title='bbox 1470 1488 1653 1544; x_wconf 85' lang='lat' dir='ltr'>quidem</span> 
     </span>
     <span class='ocr_line' id='line_1_20' title="bbox 130 1555 1654 1610; baseline 0 -15"><span class='ocrx_word' id='word_1_142' title='bbox 130 1562 177 1596; x_wconf 91' lang='lat' dir='ltr'>ut</span> <span class='ocrx_word' id='word_1_143' title='bbox 215 1567 396 1595; x_wconf 89' lang='lat' dir='ltr'>omnem</span> <span class='ocrx_word' id='word_1_144' title='bbox 433 1562 655 1595; x_wconf 88' lang='lat' dir='ltr'>terrenam</span> <span class='ocrx_word' id='word_1_145' title='bbox 692 1555 962 1610; x_wconf 88' lang='lat' dir='ltr'>dignitatem</span> <span class='ocrx_word' id='word_1_146' title='bbox 1004 1555 1196 1610; x_wconf 81' lang='lat' dir='ltr'>fugiant,</span> <span class='ocrx_word' id='word_1_147' title='bbox 1235 1569 1418 1596; x_wconf 91' lang='lat' dir='ltr'>omnem</span> <span class='ocrx_word' id='word_1_148' title='bbox 1457 1562 1654 1597; x_wconf 90' lang='lat' dir='ltr'>ostenta-</span> 
     </span>
     <span class='ocr_line' id='line_1_21' title="bbox 128 1622 1655 1677; baseline 0.001 -15"><span class='ocrx_word' id='word_1_149' title='bbox 128 1622 305 1662; x_wconf 90' lang='lat' dir='ltr'>cionem</span> <span class='ocrx_word' id='word_1_150' title='bbox 327 1622 518 1663; x_wconf 90' lang='lat' dir='ltr'>sciencie</span> <span class='ocrx_word' id='word_1_151' title='bbox 538 1629 579 1662; x_wconf 91' lang='lat' dir='ltr'>et</span> <span class='ocrx_word' id='word_1_152' title='bbox 600 1636 765 1663; x_wconf 90' lang='lat' dir='ltr'>uanam</span> <span class='ocrx_word' id='word_1_153' title='bbox 786 1622 979 1677; x_wconf 89' lang='lat' dir='ltr'>gloriam</span> <span class='ocrx_word' id='word_1_154' title='bbox 998 1623 1167 1670; x_wconf 84' lang='lat' dir='ltr'>odiant,</span> <span class='ocrx_word' id='word_1_155' title='bbox 1180 1637 1232 1664; x_wconf 90' lang='lat' dir='ltr'>ac</span> <span class='ocrx_word' id='word_1_156' title='bbox 1252 1623 1416 1664; x_wconf 90' lang='lat' dir='ltr'>deinde</span> <span class='ocrx_word' id='word_1_157' title='bbox 1437 1623 1655 1664; x_wconf 83' lang='lat' dir='ltr'>altissime</span> 
     </span>
     <span class='ocr_line' id='line_1_22' title="bbox 131 1689 1656 1753; baseline -0.001 -24"><span class='ocrx_word' id='word_1_158' title='bbox 131 1689 384 1743; x_wconf 88' lang='lat' dir='ltr'>paupertati</span> <span class='ocrx_word' id='word_1_159' title='bbox 427 1703 473 1730; x_wconf 92' lang='lat' dir='ltr'>se</span> <span class='ocrx_word' id='word_1_160' title='bbox 517 1689 853 1731; x_wconf 84' lang='lat' dir='ltr'>conformantes</span> <span class='ocrx_word' id='word_1_161' title='bbox 895 1690 1086 1753; x_wconf 71' lang='lat' dir='ltr'>orando7</span> <span class='ocrx_word' id='word_1_162' title='bbox 1112 1697 1154 1730; x_wconf 90' lang='lat' dir='ltr'>et</span> <span class='ocrx_word' id='word_1_163' title='bbox 1197 1690 1461 1730; x_wconf 90' lang='lat' dir='ltr'>meditando</span> <span class='ocrx_word' id='word_1_164' title='bbox 1500 1690 1656 1731; x_wconf 90' lang='lat' dir='ltr'>diuine</span> 
     </span>
     <span class='ocr_line' id='line_1_23' title="bbox 130 1756 1657 1811; baseline -0.001 -14"><span class='ocrx_word' id='word_1_165' title='bbox 130 1756 369 1797; x_wconf 89' lang='lat' dir='ltr'>dileccioni</span> <span class='ocrx_word' id='word_1_166' title='bbox 415 1756 579 1810; x_wconf 90' lang='lat' dir='ltr'>iugiter</span> <span class='ocrx_word' id='word_1_167' title='bbox 621 1756 853 1797; x_wconf 89' lang='lat' dir='ltr'>assistant.</span> <span class='ocrx_word' id='word_1_168' title='bbox 929 1756 1006 1798; x_wconf 87' lang='lat' dir='ltr'>Sic</span> <span class='ocrx_word' id='word_1_169' title='bbox 1051 1757 1266 1798; x_wconf 89' lang='lat' dir='ltr'>nimirum</span> <span class='ocrx_word' id='word_1_170' title='bbox 1311 1757 1549 1811; x_wconf 86' lang='lat' dir='ltr'>apparebit</span> <span class='ocrx_word' id='word_1_171' title='bbox 1593 1756 1657 1796; x_wconf 91' lang='lat' dir='ltr'>eis</span> 
     </span>
     <span class='ocr_line' id='line_1_24' title="bbox 135 1823 1659 1878; baseline -0.001 -15"><span class='ocrx_word' id='word_1_172' title='bbox 135 1823 324 1864; x_wconf 90' lang='lat' dir='ltr'>interius</span> <span class='ocrx_word' id='word_1_173' title='bbox 353 1823 611 1877; x_wconf 86' lang='lat' dir='ltr'>igniculus⁵</span> <span class='ocrx_word' id='word_1_174' title='bbox 648 1825 833 1878; x_wconf 86' lang='lat' dir='ltr'>quidam</span> <span class='ocrx_word' id='word_1_175' title='bbox 864 1824 1061 1865; x_wconf 87' lang='lat' dir='ltr'>caritatis</span> <span class='ocrx_word' id='word_1_176' title='bbox 1091 1824 1283 1865; x_wconf 87' lang='lat' dir='ltr'>increate</span> <span class='ocrx_word' id='word_1_177' title='bbox 1310 1831 1351 1864; x_wconf 89' lang='lat' dir='ltr'>et</span> <span class='ocrx_word' id='word_1_178' title='bbox 1378 1836 1659 1877; x_wconf 89' lang='lat' dir='ltr'>componens</span> 
     </span>
     <span class='ocr_line' id='line_1_25' title="bbox 128 1890 1660 1945; baseline -0.001 -14"><span class='ocrx_word' id='word_1_179' title='bbox 128 1903 205 1931; x_wconf 90' lang='lat' dir='ltr'>cor</span> <span class='ocrx_word' id='word_1_180' title='bbox 239 1904 394 1931; x_wconf 91' lang='lat' dir='ltr'>eorum</span> <span class='ocrx_word' id='word_1_181' title='bbox 430 1890 488 1931; x_wconf 89' lang='lat' dir='ltr'>ad</span> <span class='ocrx_word' id='word_1_182' title='bbox 526 1890 797 1943; x_wconf 88' lang='lat' dir='ltr'>capiendum</span> <span class='ocrx_word' id='word_1_183' title='bbox 829 1891 1038 1941; x_wconf 89' lang='lat' dir='ltr'>calorem,</span> <span class='ocrx_word' id='word_1_184' title='bbox 1080 1904 1275 1945; x_wconf 89' lang='lat' dir='ltr'>quocum</span> <span class='ocrx_word' id='word_1_185' title='bbox 1313 1898 1472 1932; x_wconf 86' lang='lat' dir='ltr'>cuncta</span> <span class='ocrx_word' id='word_1_186' title='bbox 1510 1890 1660 1943; x_wconf 88' lang='lat' dir='ltr'>caligo</span> 
     </span>
     <span class='ocr_line' id='line_1_26' title="bbox 133 1959 1657 2007; baseline -0.001 -8"><span class='ocrx_word' id='word_1_187' title='bbox 133 1966 439 2007; x_wconf 88' lang='lat' dir='ltr'>consumatur,</span> <span class='ocrx_word' id='word_1_188' title='bbox 471 1959 665 2000; x_wconf 90' lang='lat' dir='ltr'>eleuabit</span> <span class='ocrx_word' id='word_1_189' title='bbox 697 1973 772 2000; x_wconf 91' lang='lat' dir='ltr'>eos</span> <span class='ocrx_word' id='word_1_190' title='bbox 805 1959 849 1999; x_wconf 91' lang='lat' dir='ltr'>in</span> <span class='ocrx_word' id='word_1_191' title='bbox 882 1960 1089 2000; x_wconf 87' lang='lat' dir='ltr'>ardorem</span> <span class='ocrx_word' id='word_1_192' title='bbox 1120 1959 1363 2000; x_wconf 90' lang='lat' dir='ltr'>amabilem</span> <span class='ocrx_word' id='word_1_193' title='bbox 1396 1966 1437 2000; x_wconf 89' lang='lat' dir='ltr'>et</span> <span class='ocrx_word' id='word_1_194' title='bbox 1464 1959 1657 1999; x_wconf 88' lang='lat' dir='ltr'>amenis-</span> 
     </span>
     <span class='ocr_line' id='line_1_27' title="bbox 132 2026 1658 2079; baseline -0.002 -12"><span class='ocrx_word' id='word_1_195' title='bbox 132 2026 313 2073; x_wconf 85' lang='lat' dir='ltr'>simum,</span> <span class='ocrx_word' id='word_1_196' title='bbox 359 2033 404 2067; x_wconf 88' lang='lat' dir='ltr'>ut</span> <span class='ocrx_word' id='word_1_197' title='bbox 449 2026 715 2079; x_wconf 89' lang='lat' dir='ltr'>temporalia</span> <span class='ocrx_word' id='word_1_198' title='bbox 756 2026 1078 2067; x_wconf 89' lang='lat' dir='ltr'>transcendant</span> <span class='ocrx_word' id='word_1_199' title='bbox 1126 2034 1167 2066; x_wconf 91' lang='lat' dir='ltr'>et</span> <span class='ocrx_word' id='word_1_200' title='bbox 1213 2026 1428 2067; x_wconf 89' lang='lat' dir='ltr'>thronum</span> <span class='ocrx_word' id='word_1_201' title='bbox 1476 2031 1658 2066; x_wconf 90' lang='lat' dir='ltr'>teneant</span> 
     </span>
     <span class='ocr_line' id='line_1_28' title="bbox 134 2092 1653 2148; baseline 0.001 -16"><span class='ocrx_word' id='word_1_202' title='bbox 134 2093 372 2133; x_wconf 89' lang='lat' dir='ltr'>intermine</span> <span class='ocrx_word' id='word_1_203' title='bbox 393 2092 410 2116; x_wconf 77' lang='lat'><strong>⁶</strong></span> <span class='ocrx_word' id='word_1_204' title='bbox 434 2093 789 2148; x_wconf 88' lang='lat' dir='ltr'>tranquillitatis.</span> <span class='ocrx_word' id='word_1_205' title='bbox 855 2092 961 2147; x_wconf 72' lang='lat' dir='ltr'>Quo</span> <span class='ocrx_word' id='word_1_206' title='bbox 990 2094 1110 2133; x_wconf 90' lang='lat' dir='ltr'>enim</span> <span class='ocrx_word' id='word_1_207' title='bbox 1141 2093 1412 2135; x_wconf 87' lang='lat' dir='ltr'>scienciores</span> <span class='ocrx_word' id='word_1_208' title='bbox 1439 2092 1579 2141; x_wconf 78' lang='lat' dir='ltr'>sunt‚⁷</span> <span class='ocrx_word' id='word_1_209' title='bbox 1601 2107 1653 2133; x_wconf 89' lang='lat' dir='ltr'>eo</span> 
     </span>
     <span class='ocr_line' id='line_1_29' title="bbox 134 2160 1657 2213; baseline -0.001 -13"><span class='ocrx_word' id='word_1_210' title='bbox 134 2160 190 2200; x_wconf 92' lang='lat' dir='ltr'>de</span> <span class='ocrx_word' id='word_1_211' title='bbox 214 2160 308 2201; x_wconf 90' lang='lat' dir='ltr'>iure</span> <span class='ocrx_word' id='word_1_212' title='bbox 331 2160 536 2213; x_wconf 89' lang='lat' dir='ltr'>apciores</span> <span class='ocrx_word' id='word_1_213' title='bbox 559 2161 649 2201; x_wconf 90' lang='lat' dir='ltr'>sint</span> <span class='ocrx_word' id='word_1_214' title='bbox 677 2161 734 2201; x_wconf 91' lang='lat' dir='ltr'>ad</span> <span class='ocrx_word' id='word_1_215' title='bbox 760 2161 1022 2208; x_wconf 88' lang='lat' dir='ltr'>amandum,</span> <span class='ocrx_word' id='word_1_216' title='bbox 1052 2160 1089 2201; x_wconf 89' lang='lat' dir='ltr'>si</span> <span class='ocrx_word' id='word_1_217' title='bbox 1118 2174 1165 2201; x_wconf 94' lang='lat' dir='ltr'>se</span> <span class='ocrx_word' id='word_1_218' title='bbox 1193 2174 1296 2202; x_wconf 90' lang='lat' dir='ltr'>uere</span> <span class='ocrx_word' id='word_1_219' title='bbox 1323 2169 1587 2213; x_wconf 88' lang='lat' dir='ltr'>spernerent</span> <span class='ocrx_word' id='word_1_220' title='bbox 1616 2167 1657 2199; x_wconf 83' lang='lat' dir='ltr'>et</span> 
     </span>
     <span class='ocr_line' id='line_1_30' title="bbox 133 2226 1657 2282; baseline 0.001 -16"><span class='ocrx_word' id='word_1_221' title='bbox 133 2226 190 2266; x_wconf 90' lang='lat' dir='ltr'>ab</span> <span class='ocrx_word' id='word_1_222' title='bbox 229 2227 332 2267; x_wconf 89' lang='lat' dir='ltr'>aliis</span> <span class='ocrx_word' id='word_1_223' title='bbox 371 2227 523 2279; x_wconf 88' lang='lat' dir='ltr'>sperni</span> <span class='ocrx_word' id='word_1_224' title='bbox 564 2227 829 2282; x_wconf 88' lang='lat' dir='ltr'>gauderent.</span> <span class='ocrx_word' id='word_1_225' title='bbox 918 2227 1116 2268; x_wconf 85' lang='lat' dir='ltr'>Proinde</span> <span class='ocrx_word' id='word_1_226' title='bbox 1159 2228 1264 2281; x_wconf 88' lang='lat' dir='ltr'>quia</span> <span class='ocrx_word' id='word_1_227' title='bbox 1305 2227 1378 2269; x_wconf 92' lang='lat' dir='ltr'>hic</span> <span class='ocrx_word' id='word_1_228' title='bbox 1420 2228 1657 2270; x_wconf 86' lang='lat' dir='ltr'>uniuersos</span> 
     </span>
     <span class='ocr_line' id='line_1_31' title="bbox 136 2293 1660 2348; baseline -0.001 -14"><span class='ocrx_word' id='word_1_229' title='bbox 136 2293 283 2334; x_wconf 83' lang='lat' dir='ltr'>excito</span> <span class='ocrx_word' id='word_1_230' title='bbox 304 2293 362 2334; x_wconf 91' lang='lat' dir='ltr'>ad</span> <span class='ocrx_word' id='word_1_231' title='bbox 385 2307 600 2345; x_wconf 85' lang='lat' dir='ltr'>amorem,</span> <span class='ocrx_word' id='word_1_232' title='bbox 623 2294 883 2348; x_wconf 86' lang='lat' dir='ltr'>amorisque</span> <span class='ocrx_word' id='word_1_233' title='bbox 905 2293 1271 2346; x_wconf 83' lang='lat' dir='ltr'>superferuidum</span> <span class='ocrx_word' id='word_1_234' title='bbox 1295 2307 1347 2335; x_wconf 90' lang='lat' dir='ltr'>ac</span> <span class='ocrx_word' id='word_1_235' title='bbox 1371 2300 1660 2346; x_wconf 90' lang='lat' dir='ltr'>supernatur-</span> 
     </span>
     <span class='ocr_line' id='line_1_32' title="bbox 133 2360 1659 2417; baseline 0.001 -17"><span class='ocrx_word' id='word_1_236' title='bbox 133 2360 250 2400; x_wconf 91' lang='lat' dir='ltr'>alem</span> <span class='ocrx_word' id='word_1_237' title='bbox 291 2360 501 2401; x_wconf 82' lang='lat' dir='ltr'>affectum</span> <span class='ocrx_word' id='word_1_238' title='bbox 542 2370 783 2417; x_wconf 89' lang='lat' dir='ltr'>utrumque</span> <span class='ocrx_word' id='word_1_239' title='bbox 833 2361 1068 2401; x_wconf 86' lang='lat' dir='ltr'>ostendere</span> <span class='ocrx_word' id='word_1_240' title='bbox 1112 2361 1326 2412; x_wconf 89' lang='lat' dir='ltr'>conabor,</span> <span class='ocrx_word' id='word_1_241' title='bbox 1380 2361 1516 2402; x_wconf 88' lang='lat' dir='ltr'>iscius</span> <span class='ocrx_word' id='word_1_242' title='bbox 1557 2361 1659 2401; x_wconf 91' lang='lat' dir='ltr'>libri</span> 
     </span>
     <span class='ocr_line' id='line_1_33' title="bbox 136 2428 1066 2470; baseline -0.001 -2"><span class='ocrx_word' id='word_1_243' title='bbox 136 2428 295 2470; x_wconf 88' lang='lat' dir='ltr'>titulus</span> <span class='ocrx_word' id='word_1_244' title='bbox 325 2428 582 2470; x_wconf 89' lang='lat' dir='ltr'>incendium</span> <span class='ocrx_word' id='word_1_245' title='bbox 611 2429 780 2470; x_wconf 90' lang='lat' dir='ltr'>amoris</span> <span class='ocrx_word' id='word_1_246' title='bbox 809 2428 1066 2470; x_wconf 72' lang='lat' dir='ltr'>sorciatur.8</span> 
     </span>
    </p>
   </div>
   <div class='ocr_carea' id='block_1_5' title="bbox 131 2515 1664 2817">
    <p class='ocr_par' dir='ltr' id='par_1_6' title="bbox 131 2515 1664 2817">
     <span class='ocr_line' id='line_1_34' title="bbox 201 2515 1662 2558; baseline 0 -10"><span class='ocrx_word' id='word_1_247' title='bbox 201 2518 228 2550; x_wconf 92' lang='lat'>1.</span> <span class='ocrx_word' id='word_1_248' title='bbox 254 2518 301 2557; x_wconf 73' lang='grc'>(9)</span> <span class='ocrx_word' id='word_1_249' title='bbox 320 2515 518 2548; x_wconf 66' lang='lat' dir='ltr'>“ultime’&#39;</span> <span class='ocrx_word' id='word_1_250' title='bbox 562 2517 592 2547; x_wconf 84' lang='lat'>2.</span> <span class='ocrx_word' id='word_1_251' title='bbox 622 2516 674 2558; x_wconf 82' lang='lat' dir='ltr'>(j)</span> <span class='ocrx_word' id='word_1_252' title='bbox 693 2517 735 2556; x_wconf 82' lang='lat' dir='ltr'>(c)</span> <span class='ocrx_word' id='word_1_253' title='bbox 754 2517 924 2549; x_wconf 62' lang='lat' dir='ltr'>“rebus&#39;’</span> <span class='ocrx_word' id='word_1_254' title='bbox 971 2520 999 2550; x_wconf 88' lang='lat'>3.</span> <span class='ocrx_word' id='word_1_255' title='bbox 1030 2520 1079 2556; x_wconf 80' lang='lat' dir='ltr'>(a)</span> <span class='ocrx_word' id='word_1_256' title='bbox 1107 2516 1225 2549; x_wconf 77' lang='lat' dir='ltr'>omits.</span> <span class='ocrx_word' id='word_1_257' title='bbox 1275 2519 1306 2548; x_wconf 92' lang='lat'>4.</span> <span class='ocrx_word' id='word_1_258' title='bbox 1328 2518 1378 2556; x_wconf 79' lang='lat' dir='ltr'>(a)</span> <span class='ocrx_word' id='word_1_259' title='bbox 1396 2519 1445 2558; x_wconf 68' lang='lat' dir='ltr'><em>(gs)</em></span> <span class='ocrx_word' id='word_1_260' title='bbox 1462 2518 1662 2548; x_wconf 70' lang='lat' dir='ltr'>unam-reet-</span> 
     </span>
     <span class='ocr_line' id='line_1_35' title="bbox 131 2558 1664 2603; baseline -0.001 -11"><span class='ocrx_word' id='word_1_261' title='bbox 131 2559 177 2592; x_wconf 85' lang='lat' dir='ltr'>ed</span> <span class='ocrx_word' id='word_1_262' title='bbox 204 2562 286 2591; x_wconf 73' lang='lat' dir='ltr'>text</span> <span class='ocrx_word' id='word_1_263' title='bbox 313 2559 349 2590; x_wconf 86' lang='lat' dir='ltr'>of</span> <span class='ocrx_word' id='word_1_264' title='bbox 373 2559 422 2601; x_wconf 83' lang='lat' dir='ltr'>(j)</span> <span class='ocrx_word' id='word_1_265' title='bbox 451 2558 523 2592; x_wconf 80' lang='lat' dir='ltr'>and</span> <span class='ocrx_word' id='word_1_266' title='bbox 548 2559 612 2591; x_wconf 76' lang='lat' dir='ltr'>the</span> <span class='ocrx_word' id='word_1_267' title='bbox 640 2559 816 2602; x_wconf 82' lang='lat' dir='ltr'>Prologue</span> <span class='ocrx_word' id='word_1_268' title='bbox 846 2571 886 2592; x_wconf 79' lang='lat' dir='ltr'>as</span> <span class='ocrx_word' id='word_1_269' title='bbox 903 2560 1026 2603; x_wconf 84' lang='lat' dir='ltr'>copied</span> <span class='ocrx_word' id='word_1_270' title='bbox 1042 2560 1120 2592; x_wconf 78' lang='lat' dir='ltr'>into</span> <span class='ocrx_word' id='word_1_271' title='bbox 1144 2560 1430 2592; x_wconf 73' lang='lat' dir='ltr'>Bonaventura&#39;s</span> <span class='ocrx_word' id='word_1_272' title='bbox 1447 2559 1498 2591; x_wconf 78' lang='lat' dir='ltr'>De</span> <span class='ocrx_word' id='word_1_273' title='bbox 1518 2559 1664 2601; x_wconf 78' lang='lat' dir='ltr'>Triplici</span> 
     </span>
     <span class='ocr_line' id='line_1_36' title="bbox 140 2602 1661 2643; baseline -0.001 -8"><span class='ocrx_word' id='word_1_274' title='bbox 140 2602 207 2635; x_wconf 70' lang='lat' dir='ltr'>Via</span> <span class='ocrx_word' id='word_1_275' title='bbox 238 2602 382 2634; x_wconf 83' lang='lat' dir='ltr'>have..</span> <span class='ocrx_word' id='word_1_276' title='bbox 404 2627 438 2634; x_wconf 84' lang='grc'>..</span> <span class='ocrx_word' id='word_1_277' title='bbox 477 2602 644 2634; x_wconf 67' lang='lat' dir='ltr'>“scietur</span> <span class='ocrx_word' id='word_1_278' title='bbox 674 2613 732 2634; x_wconf 82' lang='lat' dir='ltr'>ars</span> <span class='ocrx_word' id='word_1_279' title='bbox 762 2603 944 2635; x_wconf 85' lang='lat' dir='ltr'>amandi.&#39;&#39;</span> <span class='ocrx_word' id='word_1_280' title='bbox 999 2602 1200 2643; x_wconf 76' lang='lat' dir='ltr'>Quaraechi</span> <span class='ocrx_word' id='word_1_281' title='bbox 1224 2603 1299 2641; x_wconf 79' lang='lat' dir='ltr'>viii,</span> <span class='ocrx_word' id='word_1_282' title='bbox 1332 2605 1382 2635; x_wconf 89' lang='grc'>18.</span> <span class='ocrx_word' id='word_1_283' title='bbox 1430 2605 1457 2635; x_wconf 90' lang='grc'>5.</span> <span class='ocrx_word' id='word_1_284' title='bbox 1483 2602 1524 2635; x_wconf 80' lang='lat' dir='ltr'>cf.</span> <span class='ocrx_word' id='word_1_285' title='bbox 1557 2602 1661 2643; x_wconf 58' lang='lat' dir='ltr'>Ibid„</span> 
     </span>
     <span class='ocr_line' id='line_1_37' title="bbox 133 2644 1662 2687; baseline -0.001 -9"><span class='ocrx_word' id='word_1_286' title='bbox 133 2656 211 2687; x_wconf 84' lang='lat' dir='ltr'>cap.</span> <span class='ocrx_word' id='word_1_287' title='bbox 230 2645 256 2685; x_wconf 89' lang='lat' dir='ltr'>I,</span> <span class='ocrx_word' id='word_1_288' title='bbox 282 2644 319 2677; x_wconf 84' lang='lat' dir='ltr'>of</span> <span class='ocrx_word' id='word_1_289' title='bbox 335 2645 396 2677; x_wconf 79' lang='lat' dir='ltr'>the</span> <span class='ocrx_word' id='word_1_290' title='bbox 413 2645 514 2678; x_wconf 73' lang='lat' dir='ltr'>three</span> <span class='ocrx_word' id='word_1_291' title='bbox 531 2644 697 2687; x_wconf 71' lang='lat' dir='ltr'>spiritual</span> <span class='ocrx_word' id='word_1_292' title='bbox 721 2648 853 2687; x_wconf 75' lang='lat' dir='ltr'>stages.</span> <span class='ocrx_word' id='word_1_293' title='bbox 886 2646 1090 2679; x_wconf 77' lang='lat' dir='ltr'>“stimulus</span> <span class='ocrx_word' id='word_1_294' title='bbox 1115 2645 1352 2685; x_wconf 58' lang='lat' dir='ltr'>conscientiae,</span> <span class='ocrx_word' id='word_1_295' title='bbox 1381 2645 1503 2678; x_wconf 81' lang='lat' dir='ltr'>radius</span> <span class='ocrx_word' id='word_1_296' title='bbox 1531 2645 1662 2677; x_wconf 81' lang='lat' dir='ltr'>intelli-</span> 
     </span>
     <span class='ocr_line' id='line_1_38' title="bbox 133 2687 1663 2731; baseline -0.001 -11"><span class='ocrx_word' id='word_1_297' title='bbox 133 2687 267 2731; x_wconf 73' lang='lat' dir='ltr'>gentiae</span> <span class='ocrx_word' id='word_1_298' title='bbox 283 2690 320 2720; x_wconf 71' lang='lat' dir='ltr'>et</span> <span class='ocrx_word' id='word_1_299' title='bbox 335 2689 514 2730; x_wconf 70' lang='lat' dir='ltr'>iqniculus</span> <span class='ocrx_word' id='word_1_300' title='bbox 536 2688 755 2729; x_wconf 75' lang='lat' dir='ltr'>sapientiae‚’&#39;</span> <span class='ocrx_word' id='word_1_301' title='bbox 778 2699 800 2720; x_wconf 81' lang='lat' dir='ltr'>a</span> <span class='ocrx_word' id='word_1_302' title='bbox 816 2689 996 2722; x_wconf 83' lang='lat' dir='ltr'>reference</span> <span class='ocrx_word' id='word_1_303' title='bbox 1012 2692 1051 2721; x_wconf 74' lang='lat' dir='ltr'>to</span> <span class='ocrx_word' id='word_1_304' title='bbox 1068 2688 1276 2731; x_wconf 79' lang='lat' dir='ltr'>Dionysius,</span> <span class='ocrx_word' id='word_1_305' title='bbox 1296 2688 1348 2720; x_wconf 80' lang='lat' dir='ltr'>De</span> <span class='ocrx_word' id='word_1_306' title='bbox 1371 2688 1414 2719; x_wconf 84' lang='lat' dir='ltr'><em>M</em></span> <span class='ocrx_word' id='word_1_307' title='bbox 1413 2688 1525 2730; x_wconf 73' lang='lat' dir='ltr'>ystica</span> <span class='ocrx_word' id='word_1_308' title='bbox 1547 2688 1663 2720; x_wconf 75' lang='lat' dir='ltr'>Theol-</span> 
     </span>
     <span class='ocr_line' id='line_1_39' title="bbox 134 2731 1664 2774; baseline 0 -12"><span class='ocrx_word' id='word_1_309' title='bbox 134 2731 229 2773; x_wconf 63' lang='grc' dir='ltr'><em>οῃία,</em></span> <span class='ocrx_word' id='word_1_310' title='bbox 246 2741 274 2763; x_wconf 83' lang='lat' dir='ltr'>c.</span> <span class='ocrx_word' id='word_1_311' title='bbox 296 2731 322 2771; x_wconf 86' lang='grc' dir='ltr'>Ι,</span> <span class='ocrx_word' id='word_1_312' title='bbox 340 2734 356 2770; x_wconf 66' lang='grc' dir='ltr'>ἓ</span> <span class='ocrx_word' id='word_1_313' title='bbox 376 2734 401 2764; x_wconf 88' lang='grc'>1.</span> <span class='ocrx_word' id='word_1_314' title='bbox 451 2733 481 2764; x_wconf 88' lang='grc'>6.</span> <span class='ocrx_word' id='word_1_315' title='bbox 510 2732 559 2771; x_wconf 84' lang='grc' dir='ltr'>(α)</span> <span class='ocrx_word' id='word_1_316' title='bbox 578 2733 620 2771; x_wconf 79' lang='lat' dir='ltr'>(e)</span> <span class='ocrx_word' id='word_1_317' title='bbox 638 2734 694 2770; x_wconf 81' lang='lat' dir='ltr'>(w)</span> <span class='ocrx_word' id='word_1_318' title='bbox 713 2733 732 2748; x_wconf 77' lang='lat'>‘⁶</span> <span class='ocrx_word' id='word_1_319' title='bbox 745 2732 921 2765; x_wconf 71' lang='lat' dir='ltr'>interne.”</span> <span class='ocrx_word' id='word_1_320' title='bbox 968 2733 995 2766; x_wconf 90' lang='lat'>7.</span> <span class='ocrx_word' id='word_1_321' title='bbox 1021 2732 1065 2774; x_wconf 82' lang='lat' dir='ltr'>(j)</span> <span class='ocrx_word' id='word_1_322' title='bbox 1081 2731 1222 2764; x_wconf 56' lang='lat' dir='ltr'>“sinn&#39;&#39;</span> <span class='ocrx_word' id='word_1_323' title='bbox 1268 2734 1296 2763; x_wconf 90' lang='lat'>8.</span> <span class='ocrx_word' id='word_1_324' title='bbox 1328 2734 1348 2747; x_wconf 91' lang='lat'>“</span> <span class='ocrx_word' id='word_1_325' title='bbox 1361 2731 1524 2771; x_wconf 76' lang='lat' dir='ltr'>dicitur‚&#39;’</span> <span class='ocrx_word' id='word_1_326' title='bbox 1540 2731 1578 2762; x_wconf 89' lang='lat' dir='ltr'>in</span> <span class='ocrx_word' id='word_1_327' title='bbox 1601 2731 1664 2763; x_wconf 75' lang='lat' dir='ltr'>the</span> 
     </span>
     <span class='ocr_line' id='line_1_40' title="bbox 135 2773 1455 2817; baseline -0.002 -9"><span class='ocrx_word' id='word_1_328' title='bbox 135 2774 243 2808; x_wconf 87' lang='lat' dir='ltr'>MSS.</span> <span class='ocrx_word' id='word_1_329' title='bbox 259 2774 351 2807; x_wconf 84' lang='lat' dir='ltr'>from</span> <span class='ocrx_word' id='word_1_330' title='bbox 378 2774 495 2807; x_wconf 82' lang='lat' dir='ltr'>which</span> <span class='ocrx_word' id='word_1_331' title='bbox 524 2774 587 2807; x_wconf 80' lang='lat' dir='ltr'>the</span> <span class='ocrx_word' id='word_1_332' title='bbox 613 2784 763 2816; x_wconf 83' lang='lat' dir='ltr'>passage</span> <span class='ocrx_word' id='word_1_333' title='bbox 785 2775 815 2807; x_wconf 83' lang='lat' dir='ltr'>is</span> <span class='ocrx_word' id='word_1_334' title='bbox 846 2775 989 2817; x_wconf 72' lang='lat' dir='ltr'>printed</span> <span class='ocrx_word' id='word_1_335' title='bbox 1005 2775 1043 2807; x_wconf 90' lang='lat' dir='ltr'>in</span> <span class='ocrx_word' id='word_1_336' title='bbox 1059 2775 1122 2808; x_wconf 70' lang='lat' dir='ltr'>the</span> <span class='ocrx_word' id='word_1_337' title='bbox 1137 2775 1189 2806; x_wconf 78' lang='lat' dir='ltr'>De</span> <span class='ocrx_word' id='word_1_338' title='bbox 1208 2773 1356 2815; x_wconf 76' lang='lat' dir='ltr'>Triplici</span> <span class='ocrx_word' id='word_1_339' title='bbox 1378 2774 1455 2806; x_wconf 74' lang='lat' dir='ltr'>Via.</span> 
     </span>
    </p>
   </div>
   <div class='ocr_carea' id='block_1_6' title="bbox 1677 1633 1764 1666">
    <p class='ocr_par' dir='ltr' id='par_1_7' title="bbox 1677 1633 1764 1666">
     <span class='ocr_line' id='line_1_41' title="bbox 1677 1633 1764 1666; baseline -0.011 0"><span class='ocrx_word' id='word_1_340' title='bbox 1677 1633 1700 1666; x_wconf 82' lang='lat' dir='ltr'>f.</span> <span class='ocrx_word' id='word_1_341' title='bbox 1721 1634 1764 1666; x_wconf 85' lang='lat'>64</span> 
     </span>
    </p>
   </div>
  </div>
 </body>
</html>
