1881 2985
676 193 998 231 ILL-GOTTEN
1039 193 1174 228 GAIN
1622 207 1685 240 231

166 317 374 364 peccator
403 310 589 364 implere
617 324 665 352 se
697 324 787 351 non
815 310 963 365 fingit.
1028 310 1242 352 Potentes
1270 318 1420 352 autern
1449 319 1490 352 et
1519 312 1686 353 diuites

164 377 390 428 seculares
414 378 491 432 qui
519 378 563 418 in
590 378 753 419 alienis
778 377 1146 432 possessionibus
1171 377 1468 431 adquirendis
1496 379 1684 420 insacia-

167 444 316 485 biliter
351 445 603 492 estuabant,
638 451 774 498 atque
807 458 864 485 ex
902 443 1081 484 illorum
1133 443 1313 484 diuiciis
1363 450 1405 484 et
1454 443 1588 486 bonis
1640 443 1684 483 in

165 517 387 551 terrenam
421 511 784 565 magnitudinem
819 510 1166 564 potenciamque
1198 510 1477 551 mundanam
1514 522 1685 550 succre-

167 584 341 625 uerunt,
372 585 572 619 ementes
601 591 745 632 paruo
773 578 926 632 precio
949 577 1070 631 quod
1101 577 1352 618 secundum
1381 577 1685 617 transitoriam

165 643 475 685 substanciam
506 652 598 685 erat
632 645 789 700 magni
824 644 1007 694 ualoris‚
1046 650 1123 684 aut
1158 644 1202 684 in
1238 643 1399 684 officiis
1435 642 1575 698 regiis
1607 656 1685 684 seu

166 718 434 765 magnatum
488 712 735 759 constituti,
791 711 981 751 donaria
1035 710 1232 764 plurima
1282 710 1380 750 sine
1435 710 1595 750 merito
1647 716 1688 749 et

168 778 536 820 remuneracione
565 785 847 832 acceperunt,
884 785 932 818 ut
960 777 1136 818 deliciis
1182 783 1224 817 et
1274 775 1590 828 uoluptatibus
1636 786 1688 814 ac

167 845 419 887 honoribus
456 846 721 900 potirentur,
761 858 851 885 non
891 857 960 884 me
996 844 1076 885 sed
1113 844 1295 885 beatum
1350 843 1430 883 Iob
1480 841 1684 883 audiant.

167 912 368 962 Ducunt,
394 913 554 967 inquit,
575 912 624 953 in
647 912 776 954 bonis
798 910 892 952 dies
914 924 1035 959 suos,
1058 916 1099 952 et
1119 910 1168 951 in
1189 915 1356 965 puncto
1379 910 1438 951 ad
1456 908 1687 961 infernum

168 980 485 1021 descendunt}
550 979 663 1020 Ecce
684 986 827 1019 totum
856 979 900 1018 in
925 991 1020 1019 uno
1042 985 1213 1032 puncto
1238 977 1434 1031 perdunt
1461 975 1584 1031 quod
1610 988 1689 1029 per

166 1054 305 1088 totam
364 1046 505 1087 uitam
563 1059 692 1087 suam
751 1046 988 1100 adquirere
1043 1044 1329 1086 studuerunt.
1423 1042 1541 1083 Cum
1600 1041 1688 1082 hiis

167 1113 428 1154 morabatur
448 1113 680 1166 sapiencia
703 1112 841 1153 huius
864 1112 1037 1160 mundi,
1064 1125 1150 1166 que
1171 1110 1367 1153 stulticia
1389 1109 1513 1162 apud
1538 1108 1687 1148 Deum

156 1181 427 1234 appellatur,
460 1187 501 1221 et
528 1180 823 1234 prudenciam
849 1178 997 1220 carnis
1025 1183 1356 1231 cognouerunt‚
1388 1189 1474 1230 que
1505 1173 1688 1216 inimica

165 1257 232 1290 est
264 1249 378 1289 Deo.
444 1249 689 1302 Propterea
716 1255 922 1302 potentes
949 1254 1155 1301 potenter
1185 1252 1408 1287 tormenta
1440 1245 1688 1299 pacientur,

166 1316 273 1370 quia
298 1315 448 1356 Deum
471 1316 676 1364 scientes,
702 1328 791 1355 non
816 1314 965 1354 Deum
988 1313 1067 1355 sed
1089 1312 1358 1366 semetipsos
1382 1310 1688 1366 glorificantes

165 1389 448 1422 euanuerunt
469 1382 513 1422 in
529 1381 895 1436 cogitacionibus
915 1380 1025 1430 suis,
1049 1380 1250 1421 dicentes
1268 1392 1315 1419 se
1334 1391 1431 1419 esse
1447 1378 1688 1431 sapientes,

166 1450 290 1490 stulti
323 1449 428 1489 facti
460 1456 581 1489 sunt.
675 1447 731 1488 Et
759 1448 835 1501 qui
868 1447 1061 1501 gloriam
1091 1454 1132 1486 et
1163 1445 1348 1486 delicias
1379 1443 1551 1496 experti
1583 1446 1689 1482 sunt
1709 1442 1733 1475 f·
1754 1445 1795 1476 46

167 1515 297 1556 istius
315 1515 468 1563 seculi,
489 1515 546 1555 ad
569 1514 926 1569 profunditatem
950 1520 1255 1566 peruenerunt
1272 1511 1453 1551 fetentis
1476 1508 1656 1550 inferni.

168 1585 187 1633 'r‘
223 1581 408 1636 Quippe
450 1581 563 1622 inter
606 1589 794 1623 cunctos
835 1581 912 1635 qui
950 1580 1109 1621 mundi
1152 1579 1284 1621 uiciis
1323 1578 1586 1630 alligantur,
1633 1575 1688 1616 de

166 1649 316 1696 nullis,
346 1656 392 1689 ut
418 1649 622 1696 arbitror,
650 1655 740 1688 tam
767 1661 908 1702 parua
934 1660 1041 1700 spes
1067 1654 1133 1687 est
1162 1646 1372 1686 habenda
1399 1643 1687 1690 saluacionis,

164 1715 551 1770 quemadmodum
587 1715 642 1756 de
685 1715 784 1756 istis
824 1727 939 1769 quos
979 1713 1150 1768 uulgus
1188 1721 1300 1754 terre
1340 1711 1688 1766 perpetratores2

162 1783 409 1836 appellant.
471 1782 590 1823 Cum
620 1783 740 1823 enim
771 1795 952 1823 omnem
980 1781 1292 1821 fortitudinem
1322 1793 1374 1821 ac
1407 1780 1686 1820 iuuentutem

164 1864 293 1892 suam
325 1851 370 1890 in
401 1850 563 1891 alienis
593 1849 965 1904 possessionibus
994 1847 1303 1901 adipiscendis
1334 1860 1413 1900 per
1440 1847 1510 1887 fas
1538 1854 1580 1886 et
1608 1858 1687 1899 per

165 1917 292 1959 nefas
341 1916 595 1966 effundunt,
646 1924 803 1970 postea
852 1916 896 1955 in
947 1922 1174 1956 senectute
1225 1928 1306 1955 sua
1358 1914 1487 1969 quasi
1533 1925 1687 1954 secure

164 1983 416 2038 quiescunt,
444 1983 686 2023 retinentes
711 1996 797 2037 que
820 1983 972 2023 illicite
997 1981 1271 2022 habuerunt.
1334 1980 1426 2021 Sed
1451 1980 1558 2034 quia
1580 1990 1686 2019 con-

163 2050 357 2092 sciencia
398 2050 557 2090 timida
592 2057 673 2099 est,
719 2049 928 2103 nequicia
969 2049 1046 2089 dat
1088 2048 1399 2089 testimonium
1443 2047 1685 2099 condemp-

164 2117 361 2157 nacioni.
425 2115 625 2170 Quando
646 2116 793 2157 solum
813 2117 869 2157 ab
897 2116 1077 2156 iniustis
1101 2115 1421 2156 exaccionibus
1445 2121 1684 2161 cessantes,

161 2183 324 2224 alienis
341 2183 476 2224 bonis
495 2183 727 2237 tamquam
749 2196 830 2223 sua
850 2183 1035 2237 propria
1054 2191 1203 2223 essent
1224 2182 1288 2223 uti
1309 2195 1399 2222 non
1422 2181 1682 2222 formident.

158 2249 366 2290 Forsitan
404 2249 442 2290 si
476 2249 670 2290 totaliter
702 2250 851 2290 aliena
891 2249 1140 2299 redderent,
1182 2262 1327 2303 pauca
1365 2247 1451 2289 sibi
1491 2258 1684 2288 remane-

166 2325 286 2368 rent3
331 2317 410 2358 sed
449 2318 556 2372 quia
599 2318 783 2371 superbi
825 2324 944 2365 sunt,
987 2317 1244 2358 mendicare
1283 2315 1566 2361 erubescunt,
1612 2311 1685 2353 uel

163 2385 323 2439 pocius
351 2385 408 2426 ab
438 2384 609 2425 honore
639 2385 832 2439 pristino
862 2384 1019 2426 cadere
1051 2397 1142 2424 non
1170 2384 1413 2424 sustinent.
1476 2381 1613 2423 Unde
1643 2386 1685 2420 et

165 2451 322 2493 dicunt
355 2464 402 2492 se
438 2451 590 2492 fodere
624 2465 713 2492 non
749 2451 932 2492 ualere.3
1026 2450 1218 2505 Eligunt
1248 2451 1414 2504 itaque,
1451 2447 1624 2501 decepti
1658 2460 1684 2486 a

163 2517 449 2565 demonibus,
485 2518 765 2558 mundanam
795 2518 1022 2558 miseriam
1059 2517 1280 2558 euadere:
1325 2524 1373 2557 ut
1407 2523 1606 2556 eternam
1642 2520 1684 2554 et

165 2584 432 2624 infernalem
454 2584 690 2638 paciantur
727 2586 824 2626 sine
847 2585 948 2625 fine.
1012 2584 1223 2638 Denique
1245 2584 1354 2625 dum
1376 2583 1487 2624 tales
1510 2583 1555 2622 in
1575 2580 1683 2622 orbe

163 2651 470 2701 dominantur,
495 2658 536 2691 et
559 2652 814 2706 tyrannidis
837 2665 917 2692 sue
941 2658 1160 2704 potestate
1185 2651 1384 2691 minores
1404 2650 1682 2703 opprimunt,

220 2754 247 2783 l.
276 2752 351 2792 lob,
374 2753 426 2791 21,
452 2753 500 2782 13.
571 2753 599 2782 2.
641 2751 773 2792 Misyn,
817 2750 1091 2791 “purchesurs.’'
1137 2752 1165 2782 3.
1190 2751 1274 2784 Luc.
1305 2752 1355 2790 16,
1376 2751 1404 2781 3.
