1881 2985
673 162 977 199 HEAVENLY
1016 162 1182 197 MUSIC
1628 176 1693 210 159

161 275 389 318 amicabili
431 278 833 320 obumbracionem
875 278 1043 320 habent
1076 278 1243 321 celicus
1283 280 1497 329 infusam,
1533 289 1689 323 contra

163 356 345 384 omnem
374 350 519 385 estum
549 345 759 386 lenocinii
784 359 837 387 ac
859 345 1031 387 liuoris.
1098 345 1235 387 Unde
1263 355 1304 387 et
1332 347 1376 387 in
1406 347 1507 400 ipso
1528 349 1689 389 ardore

161 410 330 451 amoris
362 411 624 452 suauissimi
660 419 956 454 assumuntur
989 413 1048 454 ad
1081 420 1317 467 aspectum
1350 413 1501 464 amati,
1537 420 1579 454 et
1610 426 1690 467 per

163 476 394 517 flammam
426 478 734 520 felicissimam
760 479 971 520 florentes
1000 486 1107 520 sunt
1137 480 1182 519 in
1212 480 1376 521 uirtute
1404 487 1447 520 et
1476 481 1689 522 fruuntur

163 543 342 592 factore,
372 544 629 600 migratque
653 560 782 588 mens
805 547 850 586 in
878 546 1121 587 melodiam
1151 554 1323 588 mutata
1347 547 1435 588 iam
1464 554 1688 596 manente,
1711 554 1736 586 f.
1756 554 1820 587 693³

161 617 202 651 et
227 611 536 665 cogitaciones
557 612 720 654 exinde
746 613 860 654 fiunt
886 626 1062 664 canore,
1092 628 1144 655 ac
1167 614 1333 655 emissa
1360 614 1563 656 mesticia
1587 613 1691 655 aula

162 679 314 720 anime
344 681 517 721 musica
542 681 737 722 mirabili
766 681 984 732 abundat,
1018 689 1066 722 ut
1096 681 1292 735 priorem
1322 681 1506 735 penitus
1533 681 1691 736 perdat

163 747 456 800 punicionem
486 755 527 788 et
554 762 664 789 sana
691 749 736 788 in
767 748 1045 790 sublimitate
1070 762 1236 789 sonora
1264 761 1444 802 semper
1471 748 1690 789 subsistat

163 813 406 854 modulans
436 815 704 868 premirifice
738 816 782 855 in
818 815 1098 869 melliphona
1132 816 1445 857 meditacione.
1511 814 1691 855 Deinde

160 894 264 922 cum
295 881 535 922 discedunt
563 883 620 924 ab
647 882 737 924 hiis
762 883 950 924 duriciis
977 891 1017 923 et
1047 884 1104 924 ab
1131 883 1368 937 angusciis
1394 897 1481 938 que
1512 883 1556 923 in
1589 883 1693 924 imis

161 957 365 1004 aguntur
409 957 589 1004 tempus
639 951 825 992 aduenit
872 958 919 992 ut
965 951 1246 1004 accipiantur
1295 951 1393 992 sine
1443 950 1597 997 dubio,
1648 955 1691 988 et

163 1018 461 1071 deportantur
513 1019 571 1059 ad
624 1018 774 1060 Deum
828 1018 925 1059 sine
979 1018 1133 1059 dolore
1187 1026 1229 1059 et
1284 1018 1398 1058 inter
1445 1016 1690 1071 seraphym

164 1085 418 1126 sorciantur
443 1086 585 1133 sedes,
615 1085 722 1140 quia
745 1086 824 1126 toti
853 1086 1057 1127 succensi
1086 1085 1192 1140 igne
1218 1084 1428 1125 altissimi
1454 1084 1625 1125 amoris
1650 1090 1690 1125 et

163 1152 372 1193 ardentes
414 1152 701 1193 ineffabiliter
745 1152 860 1192 intra
896 1153 1140 1194 animabus
1181 1151 1278 1193 suis
1322 1152 1381 1192 ita
1418 1150 1607 1192 dulciter
1650 1157 1692 1190 et

165 1221 328 1262 deuote
365 1220 619 1262 dilexerunt
659 1221 822 1268 Deum,
862 1220 983 1275 quod
1024 1220 1242 1274 quicquid
1282 1220 1327 1259 in
1366 1233 1414 1261 se
1452 1224 1692 1261 senserunt

166 1288 317 1329 feruor
360 1288 444 1329 fuit
488 1287 752 1341 spiritualis,
794 1301 932 1329 canor
976 1287 1142 1329 celicus
1184 1294 1226 1327 et
1269 1287 1428 1327 dulcor
1470 1284 1690 1327 diuinus.l

169 1355 292 1397 Hinc
322 1362 388 1396 est
420 1356 575 1410 utique
611 1355 733 1410 quod
770 1355 867 1396 sine
904 1368 1075 1394 merore
1111 1354 1378 1404 moriuntur,
1415 1353 1554 1394 immo
1588 1365 1691 1393 cum

166 1423 339 1477 gaudio
373 1422 633 1477 gradientes
666 1422 723 1462 ad
759 1429 850 1462 tam
887 1421 1108 1476 grandem
1147 1420 1341 1476 gradum
1373 1420 1610 1461 eleuantur
1648 1419 1691 1458 in

166 1490 330 1531 eternis
370 1489 634 1536 honoribus,
676 1496 717 1529 et
756 1489 1010 1530 consistunt
1045 1487 1247 1530 coronati
1291 1488 1336 1528 in
1376 1486 1694 1540 copiosissima

167 1557 394 1598 Creatoris
427 1556 830 1609 contemplacione,
865 1555 1190 1598 concinentes2
1223 1569 1327 1597 cum
1364 1553 1513 1597 choris
1541 1551 1693 1595 claris-

166 1625 307 1672 simis,
343 1624 420 1678 qui
461 1624 602 1665 eciam
635 1624 877 1664 ardencius
915 1622 1131 1663 anhelant
1172 1622 1216 1662 in
1256 1621 1505 1663 essenciam
1546 1622 1692 1674 ipsam

167 1692 381 1734 omnibus
432 1692 747 1746 imperantem.
830 1690 887 1731 Et
936 1691 1107 1745 quippe
1158 1702 1421 1744 quanquam
1468 1700 1588 1729 nunc
1636 1687 1695 1727 ita

168 1760 404 1815 perspicue
448 1758 731 1813 prospiciunt
773 1759 817 1798 in
860 1758 988 1799 uultu
1033 1757 1247 1804 ueritatis,
1290 1762 1332 1796 et
1373 1754 1695 1796 delicatissima

167 1827 408 1869 dulcedine
429 1827 684 1868 diuinitatis
707 1825 1016 1867 indubitanter
1037 1824 1314 1872 debriantur,
1338 1831 1441 1877 post
1464 1822 1694 1863 modicum

170 1895 384 1935 nimirum
416 1893 564 1948 magis
599 1893 973 1939 mirificabuntur,
1005 1891 1190 1946 quando
1218 1904 1409 1943 corpora
1435 1896 1695 1931 sanctorum

171 1975 258 2016 que
288 1962 332 2001 in
361 1968 477 2001 terra
504 1967 713 2001 tenentur
738 1973 817 2013 per
842 1966 1035 2012 ternpus,
1061 1958 1403 2000 suscitabuntur
1428 1970 1455 1996 a
1477 1954 1699 2009 sepulcris

172 2034 213 2067 et
234 2040 336 2068 cum
360 2027 471 2080 ipsis
494 2026 707 2067 unientur
731 2025 881 2066 anime
906 2038 1061 2066 eorum
1085 2025 1130 2064 in
1155 2023 1314 2064 ultima
1339 2022 1694 2063 examinacione.

173 2094 382 2135 Profecto
409 2101 516 2136 tunc
548 2093 797 2147 percipient
825 2092 1131 2146 principatum
1162 2091 1207 2131 in
1236 2090 1421 2145 populis
1452 2097 1495 2130 et
1527 2089 1696 2131 iudica-

172 2162 286 2203 bunt
310 2161 549 2203 uniuersos
571 2167 617 2202 ut
639 2160 958 2214 dampnentur,
978 2166 1019 2199 et
1042 2158 1361 2199 monstrabunt
1382 2157 1505 2212 quod
1528 2155 1697 2196 medio-

173 2228 302 2270 criter
334 2228 442 2269 boni
474 2228 531 2268 ad
565 2227 891 2269 beatitudinem
924 2225 1258 2280 assequendam
1293 2224 1518 2266 benedicti
1552 2227 1693 2263 erant.

174 2295 319 2336 Porro
365 2294 591 2348 comp-leto
634 2294 835 2349 generali
882 2292 1049 2334 iudicio
1095 2292 1140 2332 in
1189 2291 1458 2333 continuum
1504 2288 1696 2331 iubilum

174 2369 387 2417 gerentur
409 2369 450 2402 et
469 2362 773 2402 conscendent
793 2374 895 2402 cum
921 2359 1106 2400 Christo
1128 2358 1307 2400 culmen
1332 2356 1559 2404 claritatis,
1585 2354 1697 2396 facie

176 2429 261 2470 Dei
295 2429 494 2470 fruentes
526 2429 624 2469 sine
656 2428 762 2472 fine.

234 2496 303 2536 Ex
339 2496 427 2536 hiis
459 2495 683 2550 liquidum
721 2502 787 2536 est
819 2494 942 2549 quod
975 2500 1150 2534 mentes
1181 2492 1281 2534 illas
1316 2498 1469 2532 eterna
1505 2486 1697 2529 dulcedo
1720 2486 1802 2521 ΗΟ-

176 2563 396 2605 inebriat:
468 2576 583 2616 quas
645 2562 878 2604 uinculum
941 2560 1138 2601 caritatis
1202 2557 1504 2600 insolubiliter
1568 2554 1695 2607 ligat.

234 2677 261 2706 l.
290 2674 423 2706 Rolle’s
460 2673 566 2705 usual
603 2673 855 2706 classification
892 2672 929 2704 of
966 2671 1028 2704 the
1066 2673 1187 2713 stages
1223 2669 1260 2702 of
1297 2666 1577 2710 contemplative
1610 2665 1700 2698 love.

175 2718 218 2751 cf.
236 2728 314 2760 cap.
335 2720 383 2759 15,
402 2728 434 2759 p.
457 2719 526 2749 185.
594 2718 624 2748 2.
653 2717 708 2758 (f)
729 2713 1044 2748 “continuantes”
