1881 2985
66 1507 90 1541 f.
111 1509 174 1542 82h

216 232 283 266 214
706 226 913 263 WOMEN
955 225 1069 261 AND
1111 227 1256 264 GOLD

215 353 451 383 excessum
505 355 595 383 non
650 342 919 397 ignoramus
972 344 1280 397 interpretari;
1331 352 1374 386 et
1427 345 1529 388 ideo
1580 347 1746 389 modus

214 407 454 450 habendus
491 416 570 458 est,
604 417 652 450 ut
689 417 816 452 caute
853 410 1107 451 custodiam
1148 411 1281 453 nobis
1319 425 1410 453 non
1449 412 1742 468 negligamus

212 488 394 528 ponere,
418 476 496 517 ubi
520 477 732 518 timemus
756 477 879 531 quod
901 477 946 517 in
965 477 1123 531 aliquo
1144 491 1392 532 possumus
1414 480 1519 519 mali
1543 478 1741 533 speciem

212 541 432 596 inferre]
483 543 641 585 Seruis
662 557 771 585 uero
790 543 961 585 Christi
985 544 1087 585 Deo
1105 544 1320 587 adherere
1340 546 1512 587 bonum
1533 554 1613 595 est,
1635 546 1742 601 quia

211 617 253 650 et
283 611 327 650 in
365 610 512 664 ipsius
543 610 769 652 desiderio
803 610 1027 652 feruorem
1057 612 1180 666 ignis
1215 612 1416 668 Spiritus
1449 613 1606 656 Sancti
1641 628 1740 669 per-

209 676 385 730 cipiunt
410 684 451 718 et
479 678 664 719 delicias
691 679 860 719 amoris
893 679 1033 719 eterni
1063 693 1168 720 cum
1200 680 1479 722 suauissimo
1509 682 1591 724 celi
1623 694 1741 724 sono

208 744 414 784 melliflui
443 752 632 786 canunt.
697 745 835 786 Unde
865 753 907 787 et
936 745 1141 787 melliflui
1173 747 1279 789 facti
1308 756 1416 789 sunt
1442 748 1538 797 celi,
1568 748 1739 790 scilicet

207 812 365 858 sancti,
395 812 471 866 qui
504 819 631 853 tanto
660 812 902 854 ardencius
934 813 1170 855 Christum
1203 814 1417 869 diligunt,
1451 822 1623 870 quanto
1655 827 1740 869 pro

206 877 271 918 eis
300 878 451 931 ipsum
485 878 616 932 plura
649 880 865 921 tolerasse
894 888 1197 935 cognoscunt.
1294 882 1418 924 Dum
1452 883 1573 924 enim
1608 895 1739 923 mens

204 952 465 986 sanctorum
505 947 753 988 eternitatis
793 948 937 989 amori
977 949 1342 1002 inseparabiliter
1381 951 1652 1002 immittitur,
1694 957 1737 992 et

204 1011 493 1054 dulcedinem
511 1013 689 1056 celestis
709 1015 800 1056 uite
816 1015 975 1056 saltem
997 1017 1160 1069 raptim
1182 1018 1397 1072 quamuis
1415 1031 1519 1059 cum
1540 1018 1736 1059 melodia

203 1093 251 1120 se
278 1088 572 1135 pergustasse
601 1082 837 1137 gloriatur.

870 1263 978 1306 CAP.
1005 1274 1072 1316 25.

203 1354 293 1408 (De
326 1368 479 1395 amore
509 1354 709 1408 perfecto
742 1362 783 1396 et
819 1369 906 1410 que
940 1355 1232 1409 requiruntur
1264 1356 1322 1396 ad
1358 1355 1731 1410 consequendum

430 1421 637 1470 iubilum,
673 1430 714 1463 et
749 1422 804 1463 de
832 1422 1080 1463 dileccione
1110 1431 1151 1464 et
1183 1423 1501 1476 correccione.)

260 1504 546 1547 Excellencia
590 1505 751 1559 premii
798 1506 843 1546 in
890 1506 1208 1560 magnitudine
1252 1507 1422 1548 amoris
1467 1507 1632 1559 existit,
1682 1513 1731 1547 ut

199 1573 415 1613 nimirum
462 1587 624 1614 amans
666 1574 820 1614 ardeat
869 1574 976 1628 igne
1026 1574 1380 1629 inextinguibili,
1427 1582 1469 1615 et
1518 1574 1636 1615 intra
1682 1586 1730 1614 se

196 1641 421 1681 suauitate
441 1641 577 1682 celica
599 1641 834 1694 repleatur.
899 1640 990 1696 Qui
1011 1642 1132 1682 enim
1150 1642 1350 1695 amplius
1366 1649 1500 1690 amat,
1522 1642 1730 1694 superior

198 1708 243 1749 in
269 1722 413 1763 regno
434 1709 742 1750 constituitur.
808 1709 896 1750 Iste
917 1717 1069 1750 autem
1092 1723 1221 1751 amor
1244 1710 1288 1749 in
1312 1710 1445 1750 corde
1469 1717 1547 1758 est,
1570 1717 1612 1750 et
1637 1722 1730 1763 quo

196 1776 301 1829 plus
324 1776 473 1817 Deum
499 1790 632 1818 suum
656 1776 821 1831 diligit,
843 1790 897 1817 eo
918 1777 962 1816 in
988 1777 1138 1829 ipsum
1159 1776 1306 1817 maius
1326 1776 1548 1831 gaudium
1571 1775 1725 1817 sentit.

198 1842 362 1884 Errant
388 1857 501 1898 ergo
524 1844 600 1898 qui
629 1851 868 1884 autumant
895 1858 998 1885 eum
1026 1851 1203 1884 tanturn
1229 1857 1381 1884 amare
1409 1844 1486 1898 qui
1517 1857 1608 1884 non
1638 1841 1726 1883 nisi

196 1923 295 1951 raro
318 1911 389 1951 uel
414 1911 610 1952 breuiter
631 1911 861 1964 experitur
880 1911 1101 1966 gaudium
1120 1911 1302 1959 amoris,
1326 1918 1548 1966 quantum
1573 1911 1724 1964 ipsum

194 1978 272 2032 qui
298 1985 391 2019 tota
420 1978 493 2019 die
525 1978 655 2033 quasi
686 1979 730 2018 in
761 1978 1027 2019 dulcoribus
1058 1978 1303 2019 debriatur.
1369 1977 1569 2032 Quidam
1601 1977 1723 2018 enim

190 2059 295 2086 cum
329 2045 593 2086 difficultate
626 2052 797 2096 amant,
836 2045 1023 2100 quidam
1059 2058 1162 2086 cum
1194 2045 1439 2086 facilitate:
1482 2045 1561 2086 sed
1595 2057 1724 2086 amor

194 2111 281 2152 Dei
311 2125 365 2152 eo
388 2119 453 2153 est
479 2112 660 2153 beacior
687 2126 779 2167 quo
810 2112 998 2160 facilior,
1030 2125 1083 2153 eo
1113 2112 1289 2153 facilior
1321 2126 1412 2167 quo
1442 2112 1720 2161 feruencior3

190 2191 246 2219 eo
273 2178 541 2229 feruencior‚
578 2192 670 2233 quo
699 2179 898 2229 dulcior;
927 2193 979 2220 eo
1009 2179 1197 2228 dulcior,
1229 2193 1319 2234 quo
1348 2180 1508 2220 maior.
1572 2179 1723 2220 Maior

190 2252 257 2287 est
309 2246 354 2286 in
407 2246 749 2300 quiescentibus
800 2260 936 2300 quam
989 2246 1034 2286 in
1087 2246 1425 2296 laborantibus;
1480 2261 1592 2302 ergo
1642 2247 1720 2302 qui

188 2312 405 2353 continue
443 2313 682 2367 quiescunt
719 2320 760 2354 et
794 2313 1020 2355 feruentes
1051 2314 1282 2368 diligunt:
1320 2315 1577 2368 superiores
1613 2321 1720 2357 sunt

190 2378 280 2421 illis
310 2380 387 2434 qui
424 2380 700 2434 quandoque
734 2381 873 2436 quieti
904 2381 1043 2422 dediti
1078 2389 1198 2429 sunt,
1248 2389 1289 2423 et
1337 2383 1614 2437 quandoque
1661 2382 1719 2423 ad

188 2448 491 2489 ministranda
521 2448 741 2489 exteriora
770 2449 1027 2489 intendunt.

246 2513 375 2554 Nihil
402 2515 586 2569 quidem
614 2516 778 2557 melius
808 2524 873 2557 est
904 2516 1151 2557 dileccione
1182 2524 1352 2566 mutua,
1382 2517 1495 2557 nihil
1527 2516 1717 2558 suauius

188 2582 370 2623 caritate
404 2589 574 2623 sancta.
641 2583 800 2623 Amasi
830 2584 951 2624 enim
985 2592 1027 2624 et
1059 2597 1211 2625 amare
1241 2585 1372 2625 dulce
1399 2592 1465 2626 est
1496 2597 1716 2626 commer-

184 2648 306 2690 cium
348 2649 495 2690 tocius
536 2650 627 2690 uite
670 2649 898 2691 humane:
948 2651 1089 2692 eciam
1132 2651 1338 2706 angelice
1380 2659 1516 2706 atque
1558 2651 1714 2693 diuine

177 2714 555 2757 delectamentum
598 2725 640 2758 et
681 2718 979 2759 beatitudinis
1014 2718 1231 2772 precium.
1317 2719 1368 2761 Si
1412 2732 1522 2774 ergo
1560 2718 1714 2774 queris

174 2785 334 2836 amari,
362 2798 495 2826 ama:
531 2786 639 2840 quia
668 2800 797 2827 amor
828 2787 973 2828 uicem
1006 2786 1228 2840 rependit.
1309 2787 1378 2828 De
1406 2799 1559 2827 amore
1589 2786 1712 2827 bono
