1881 2985
125 1214 149 1247 f.
170 1216 211 1247 43

239 199 306 236 226
511 202 588 238 AN
621 202 983 238 INSTRUCTION
1019 202 1126 238 FOR
1158 203 1271 241 THE
1303 204 1500 243 SIMPLE

898 396 1011 439 CAP.
1037 409 1107 449 29.

239 502 511 557 (Instruccio
538 503 719 544 rudium
745 511 786 544 et
813 503 1135 557 neophitorum
1160 518 1313 546 amare
1336 505 1623 558 cupiencium
1649 513 1692 547 et
1711 506 1767 548 de

733 570 1000 613 mulieribus
1026 571 1264 625 uitandis.)

298 670 466 711 Anima
490 671 636 712 fidelis
663 685 835 724 sponsa
866 671 999 713 Ihesu
1029 671 1200 713 Christi
1229 673 1490 727 superbiam
1517 674 1632 723 eicit,
1660 674 1767 729 quia

238 736 465 790 profunde
492 737 644 792 diligit
669 737 987 778 humilitatem.
1055 738 1242 780 Inanem
1275 740 1469 795 gloriam
1496 741 1766 782 abhomina-

237 810 323 854 tur,
381 804 487 858 quia
538 805 682 847 solam
735 806 984 848 eternitatis
1038 806 1233 847 leticiam
1285 808 1479 860 cupiens
1531 806 1766 849 Christum

236 872 454 926 sequitur.
520 870 762 912 Carnalem
789 873 1163 926 repansacionem
1188 881 1229 914 et
1256 874 1497 915 molliciem
1523 874 1632 922 odit,
1660 873 1766 928 quia

236 937 467 978 dulcorem
499 939 639 979 eterni
671 939 818 981 mellis
850 947 1126 994 pergustans
1155 954 1356 982 amorem
1384 941 1667 982 dilectissimi
1695 941 1765 982 sui

236 1018 415 1058 semper
434 1006 600 1046 sentire
621 1006 878 1048 inardescit.
947 1007 1065 1048 Iram
1088 1009 1253 1048 malam
1277 1022 1366 1049 non
1388 1009 1535 1058 habet,
1559 1009 1666 1064 quia
1683 1023 1767 1063 pro

236 1086 389 1113 amore
423 1073 595 1114 Christi
627 1074 785 1114 omnia
815 1074 1038 1115 sustinere
1068 1088 1116 1115 se
1148 1082 1352 1129 paratam
1382 1075 1553 1129 prebet.
1649 1076 1768 1117 Aliis

238 1153 345 1180 uero
367 1140 571 1181 inuidere
593 1141 747 1188 nescit,
774 1141 881 1195 quia
906 1154 1014 1182 uero
1037 1155 1190 1182 amore
1217 1142 1408 1183 rutilans
1430 1143 1636 1184 omnium
1663 1156 1766 1198 pro-

237 1206 373 1247 fectui
403 1214 444 1248 et
475 1207 609 1248 saluti
640 1208 913 1262 congaudet.
980 1208 1129 1249 Nemo
1152 1209 1325 1264 quippe
1354 1209 1540 1251 inuidus
1570 1218 1649 1258 est,
1678 1209 1766 1251 nisi

236 1274 314 1329 qui
338 1275 381 1314 in
406 1275 593 1315 ueritate
617 1275 767 1316 minor
789 1283 854 1316 est
875 1284 915 1316 et
936 1289 983 1317 se
1003 1276 1218 1317 maiorem
1243 1277 1437 1326 estimat,
1465 1276 1587 1317 unde
1609 1283 1764 1317 contra

234 1342 349 1383 alios
370 1356 425 1382 ne
442 1343 480 1383 ei
499 1342 685 1397 equales
701 1343 955 1391 uideantur,
977 1343 1264 1397 calumpnias
1281 1350 1422 1398 parat.
1488 1342 1576 1383 Uel
1591 1343 1628 1383 si
1649 1341 1766 1383 alius

236 1423 290 1450 eo
319 1410 474 1460 maior,
506 1410 739 1464 pulchrior
769 1410 841 1450 uel
870 1410 1036 1451 forcior
1067 1410 1182 1451 inter
1210 1418 1370 1465 gentes
1399 1410 1578 1461 dicitur,
1612 1409 1764 1451 statim

235 1477 390 1518 dolore
415 1477 587 1518 inuidie
611 1484 757 1518 tactus
779 1478 1084 1518 contristatur.
1150 1476 1241 1518 Sed
1265 1477 1387 1517 illam
1413 1490 1580 1517 uanam
1603 1473 1765 1516 transi-

236 1545 347 1586 torie
378 1545 525 1586 laudis
556 1545 749 1600 gloriam
776 1545 930 1585 anima
958 1558 1048 1585 non
1076 1551 1224 1598 potest
1256 1557 1454 1599 querere,
1488 1557 1575 1598 que
1605 1543 1677 1583 uel
1707 1542 1765 1583 ad

236 1613 467 1654 modicum
491 1626 709 1654 succensa
731 1620 797 1653 est
823 1612 929 1666 igne
953 1611 1286 1664 speculacionis
1310 1624 1523 1663 superne.
1588 1609 1657 1650 Ex
1676 1623 1766 1665 qua

238 1694 282 1721 re
309 1680 547 1721 manifeste
576 1687 697 1733 patet
725 1680 848 1734 quod
878 1679 980 1720 ideo
1007 1679 1218 1720 homines
1242 1678 1300 1719 ad
1332 1678 1527 1719 inuicem
1559 1677 1766 1719 inuident

236 1755 279 1788 et
311 1747 531 1796 mordent,
561 1747 668 1802 quia
695 1747 751 1788 de
778 1760 931 1787 amore
966 1746 1065 1794 Dei,
1098 1747 1175 1800 qui
1200 1745 1418 1787 omnibus
1449 1745 1602 1786 electis
1636 1744 1764 1790 inest,

238 1815 352 1855 nihil
387 1815 568 1856 habent.
664 1814 757 1855 Ubi
793 1827 904 1868 ergo
937 1813 1079 1867 aliqui
1114 1820 1219 1854 sunt
1256 1813 1333 1867 qui
1372 1812 1521 1852 Deum
1549 1811 1764 1865 diligunt,

237 1883 442 1936 profecto
476 1882 615 1923 sociis
648 1882 744 1923 suis
779 1881 895 1922 sicut
927 1888 969 1921 et
1007 1880 1093 1922 sibi
1132 1879 1385 1934 profectum
1417 1878 1762 1931 concupiscunt.

239 1949 386 2004 Igitur
407 1949 445 1991 si
469 1949 513 1989 in
534 1962 688 1989 amore
710 1948 795 1989 Dei
817 1948 1014 1989 eminere
1036 1947 1280 1995 desideras,
1302 1945 1661 1987 abhominabilis
1683 1944 1765 1985 tibi

236 2017 294 2057 sit
321 2016 471 2057 omnis
499 2016 598 2057 laus
625 2024 824 2065 terrena3
852 2015 1174 2068 despecciones
1201 2021 1242 2054 et
1265 2013 1504 2054 hominum
1534 2011 1766 2053 irrisiones

237 2097 321 2138 pro
350 2084 535 2125 Christo
558 2083 844 2138 amplectere,
875 2090 916 2123 et
941 2082 999 2123 ad
1026 2090 1179 2122 eterna
1205 2080 1539 2134 consequenda,
1568 2085 1765 2120 mentem

237 2160 361 2193 tuam
397 2151 570 2192 fortiter
598 2151 806 2192 extende.
869 2149 1027 2191 Cicius
1053 2148 1198 2203 eligas
1225 2161 1329 2188 cum
1364 2147 1568 2200 reprobis
1599 2145 1766 2188 sentire

238 2226 514 2260 tormentum
547 2219 671 2273 ignis
694 2218 738 2258 in
770 2231 901 2272 pena,
931 2230 1067 2272 quam
1100 2230 1201 2257 cum
1235 2216 1325 2257 illis
1353 2214 1690 2256 communicare
1720 2213 1764 2253 in

238 2286 388 2339 culpa.
454 2285 545 2340 Qui
567 2299 676 2326 uero
694 2285 903 2326 ardenter
922 2283 1158 2325 Christum
1179 2283 1331 2337 diligit
1351 2289 1392 2323 et
1415 2282 1459 2322 in
1480 2281 1578 2322 eius
1597 2279 1768 2321 amoris

239 2353 411 2408 gaudio
453 2353 642 2393 delicate
685 2365 853 2393 canens
896 2364 1082 2393 securus
1129 2350 1257 2398 uiuit,
1305 2348 1618 2390 delectabilius
1679 2346 1766 2388 sibi

241 2421 419 2462 uidetur
442 2421 487 2460 in
512 2427 715 2460 eternum
742 2420 895 2474 ignem
920 2419 1078 2460 cadere
1101 2431 1237 2472 quam
1264 2417 1335 2457 uel
1358 2416 1497 2457 semel
1520 2414 1767 2456 mortaliter

241 2501 438 2542 peccare.
503 2487 648 2528 Porro
678 2487 792 2528 tales
819 2486 962 2528 sancti
994 2492 1113 2532 sunt,
1146 2483 1252 2538 quia
1285 2484 1329 2523 in
1363 2482 1558 2536 puritate
1589 2480 1766 2525 uiuunt,

241 2564 417 2597 terrena
468 2562 629 2596 cuncta
679 2554 952 2607 despiciunt,
988 2566 1042 2593 ex
1075 2551 1250 2592 feruore
1282 2558 1324 2591 et
1360 2549 1506 2590 leticia
1541 2544 1767 2600 spirituali

243 2622 525 2664 modulando
559 2628 742 2669 canunt,
772 2621 850 2675 qui
888 2620 1017 2674 prius
1049 2619 1275 2659 dixerunt.
1375 2617 1544 2657 Amore
1595 2611 1767 2655 Christi

241 2690 414 2737 ardent,
454 2689 697 2730 celestibus
735 2687 998 2741 aspectibus
1041 2685 1237 2733 student,
1285 2684 1419 2725 bonis
1462 2681 1679 2735 operibus
1719 2679 1764 2718 in

245 2764 465 2811 quantum
501 2756 545 2796 in
581 2769 629 2797 se
659 2762 724 2796 est
759 2768 938 2809 semper
973 2753 1211 2805 insistunt3
1263 2750 1437 2792 deliciis
1478 2756 1628 2790 eterne
1677 2746 1768 2788 uite
