1881 2985
45 1439 70 1472 f.
91 1438 153 1473 8322

180 209 249 244 216
448 209 561 247 THE
591 210 791 248 DESIRE
824 210 892 246 OF
924 212 959 245 A
992 211 1236 249 PERFECT
1267 212 1450 250 LOVER

184 332 233 365 ut
264 332 474 366 tenentur
508 339 599 367 non
640 326 823 368 student
861 339 1031 367 amare.
1125 327 1220 368 Aut
1272 328 1394 369 enim
1450 336 1712 384 peccantem

181 392 373 434 omnino
395 393 693 435 incorrectum
715 393 965 444 dimittunt,
990 402 1068 435 aut
1089 394 1127 436 si
1147 395 1374 449 corrigere
1395 396 1468 436 uel
1488 396 1713 449 corripere

183 458 422 513 incipiunt,
454 474 559 502 cum
593 467 717 501 tanta
751 461 993 514 asperitate
1026 469 1067 502 et
1098 462 1248 517 rigore
1282 463 1422 504 uerba
1455 463 1708 518 proferunt,

183 525 307 579 quod
341 539 448 579 sepe
475 528 733 582 corrigendi
769 528 945 581 peiores
978 527 1110 568 fiunt.
1204 529 1433 570 Deberent
1460 530 1581 571 enim
1609 542 1712 571 curn

179 595 530 635 mansuetudine
557 595 695 649 loqui,
721 602 768 635 ut
793 609 873 649 per
899 595 1050 637 dulcia
1076 596 1215 637 uerba
1242 597 1420 651 possint
1445 596 1715 650 attrahere]

182 661 306 715 quod
330 661 626 702 immoderata
645 663 869 704 correccio
888 663 1011 717 cogit
1035 663 1232 718 nequius
1250 677 1449 718 peccare.

840 791 953 834 CAP.
979 793 1046 833 26.

182 874 273 928 (De
311 875 533 928 suspiriis,
573 882 683 916 uoto
713 882 755 916 et
793 875 1048 917 humilitate
1086 876 1272 930 perfecti
1312 877 1542 926 amatoris,
1582 887 1624 919 et
1657 878 1713 919 de

294 941 549 995 imparitate
568 943 740 984 amoris
757 942 1006 985 mundialis
1026 950 1068 984 et
1088 943 1189 993 Dei,
1209 951 1250 985 et
1270 944 1326 985 de
1347 943 1684 996 meditacione.)

233 1031 339 1073 on
369 1032 632 1086 languentis
660 1032 812 1073 anime
841 1046 995 1074 amore
1027 1040 1181 1074 eterno
1212 1048 1265 1076 ac
1298 1033 1448 1087 specie
1483 1033 1714 1089 querentis

180 1100 251 1141 sui
278 1100 542 1143 Conditoris
584 1110 812 1155 personat.
881 1102 1123 1145 Osculetur
1145 1117 1230 1153 me,
1257 1103 1417 1157 inquit,
1443 1104 1597 1145 osculo
1623 1103 1712 1145 oris

179 1167 283 1216 sui,l
307 1168 488 1216 scilicet,
512 1169 699 1210 delectet
721 1183 792 1210 me
814 1170 984 1210 unione
1009 1169 1112 1210 Filii
1135 1170 1218 1211 sui.
1284 1170 1393 1211 Ideo
1415 1170 1536 1211 enim
1558 1182 1712 1210 amore

181 1234 392 1289 langueo,
417 1236 523 1290 quia
547 1250 681 1291 quem
708 1237 855 1292 diligo
882 1237 926 1277 in
953 1250 1038 1278 suo
1060 1237 1220 1278 decore
1246 1250 1424 1278 cernere
1449 1243 1542 1277 tota
1562 1242 1712 1276 mente

178 1304 469 1356 concupisco.
537 1303 723 1345 Interim
760 1312 911 1345 autern
952 1304 996 1344 in
1038 1304 1190 1345 labore
1228 1311 1269 1345 et
1307 1303 1552 1345 certamine
1586 1315 1712 1357 pere-

180 1371 461 1426 grinacionis
505 1385 602 1412 mee
643 1372 713 1412 sui
756 1372 926 1413 amoris
968 1372 1209 1413 dulcedine
1252 1385 1323 1412 me
1366 1371 1532 1423 uisitet‚
1578 1379 1620 1412 et
1653 1371 1711 1412 ad

180 1437 331 1491 ipsum
357 1452 432 1480 cor
460 1452 610 1479 meum
639 1439 956 1479 transferendo
982 1438 1226 1479 affectuum
1252 1438 1540 1491 superiorum
1564 1437 1712 1479 calore

179 1505 379 1553 delectet,
405 1519 457 1546 ac
483 1506 629 1547 donec
655 1506 870 1547 dilectum
897 1506 1016 1548 clare
1043 1506 1198 1547 uidere
1226 1514 1395 1560 potero,
1421 1505 1518 1547 eius
1544 1516 1711 1545 nomen

179 1573 496 1614 dulcissimum
516 1574 560 1613 in
585 1581 734 1614 mente
756 1587 855 1615 mea
877 1581 1099 1614 retentum
1121 1587 1290 1615 canens
1311 1573 1539 1628 cogitabo.
1591 1572 1712 1614 Uere

181 1641 396 1681 nimirum
425 1641 567 1682 eciam
601 1641 646 1681 in
680 1640 765 1682 hoc
798 1641 995 1695 presenti
1025 1641 1179 1682 seculo
1210 1640 1386 1681 deliciis
1416 1639 1595 1691 fruitur,
1632 1638 1711 1694 qui

181 1707 434 1749 Saluatoris
473 1708 543 1749 sui
582 1708 820 1749 desideriis
863 1715 1009 1749 astare
1053 1707 1314 1749 delectatur.
1421 1706 1550 1747 Nihil
1587 1706 1709 1747 enirn

180 1775 422 1817 iocundius
457 1789 593 1830 quam
632 1775 816 1816 Ihesum
850 1788 1039 1816 canere:
1084 1775 1196 1815 nihil
1232 1774 1544 1816 delectabilius
1572 1786 1709 1829 quam

178 1843 329 1896 ipsum
349 1842 524 1883 audire.
587 1842 789 1883 Auditus
807 1842 928 1883 enim
949 1849 1146 1882 mentem
1165 1841 1359 1888 letificat,
1379 1847 1540 1881 cantus
1559 1846 1710 1880 autem

178 1909 237 1950 ad
275 1909 426 1963 ipsum
461 1909 594 1950 leuat.
695 1909 911 1964 Dumque
961 1908 1050 1950 illis
1096 1922 1228 1950 careo
1280 1908 1411 1963 quasi
1464 1907 1583 1947 fame
1636 1905 1710 1947 siti

179 1977 421 2030 suspirans
446 1990 588 2032 egens
621 1985 663 2017 et
697 1977 930 2018 desolatus
963 1972 1074 2017 mihi
1110 1976 1281 2024 uideor,
1316 1988 1419 2016 cum
1455 1975 1575 2015 enim
1611 1973 1711 2014 dul-

178 2045 350 2086 cissimi
373 2044 460 2085 mei
483 2044 725 2098 amplexus
746 2051 787 2084 et
810 2044 967 2085 oscula
990 2043 1157 2091 sencio,
1182 2043 1312 2097 quasi
1338 2042 1512 2083 deliciis
1535 2042 1711 2081 inenar-

181 2111 403 2152 rabilibus
423 2110 574 2161 affluo,
599 2124 733 2165 quem
755 2111 851 2152 sola
873 2110 1121 2151 dileccione
1145 2123 1224 2151 sue
1250 2110 1470 2150 immense
1493 2107 1713 2151 bonitatis

180 2178 274 2218 ueri
299 2185 525 2219 amatores
547 2177 763 2219 omnibus
787 2184 1087 2231 anteponunt.

239 2244 447 2286 Ueniens
482 2259 592 2300 ergo
632 2245 676 2284 in
716 2258 786 2285 me
822 2245 990 2295 ueniat,
1032 2244 1281 2299 perfectum
1314 2257 1516 2284 amorem
1556 2242 1710 2283 infun-

179 2312 343 2360 dendo,
386 2312 553 2353 reficiat
594 2326 776 2367 quoque
814 2326 889 2354 cor
922 2325 1074 2352 meum
1113 2311 1505 2365 perseueranciam
1542 2310 1709 2357 dando,

177 2380 485 2434 accendatque
535 2387 576 2420 et
624 2380 883 2434 impinguet
927 2392 1062 2420 omne
1113 2379 1490 2432 impedimentum
1540 2376 1710 2419 amoris

178 2447 445 2488 auferendo.
538 2446 655 2502 Quis
701 2461 813 2501 ergo
858 2447 976 2487 dicet
1024 2445 1151 2486 illum
1195 2446 1252 2486 ad
1300 2445 1513 2486 fetentem
1559 2444 1709 2485 carnis

179 2514 523 2555 immundiciam
555 2514 728 2565 cadere,
763 2527 897 2569 quem
926 2526 1122 2566 superne
1151 2512 1485 2566 speculacionis
1510 2523 1709 2564 superna

176 2583 418 2624 dulcedine
468 2581 682 2623 Christus
730 2582 950 2636 dignatur
995 2580 1206 2621 reficere?
1292 2579 1483 2633 Propter
1529 2580 1615 2621 hoc
1661 2577 1707 2618 in

175 2654 474 2708 sequentibus
511 2653 712 2694 suauiter
753 2652 959 2694 canitur:
1008 2649 1274 2691 Letabimur
1313 2648 1361 2689 in
1401 2652 1440 2689 te
1482 2656 1705 2687 memores

175 2721 368 2761 uberum
422 2725 605 2762 tuorum
658 2725 795 2773 super
847 2718 1063 2767 uinum,2'
1096 2717 1226 2772 quasi
1280 2716 1485 2757 dicatur:
1550 2711 1577 2728 ‘'
1598 2711 1705 2752 Tibi

236 2805 263 2835 1.
292 2803 409 2844 Cant„
438 2805 468 2843 1,
498 2805 525 2834 1.
643 2804 672 2834 2.
701 2802 820 2844 Cant.>
849 2805 880 2842 1,
907 2804 936 2834 3.
