1881 2985
420 173 531 211 THE
564 172 706 208 SONG
741 171 809 207 OF
842 170 953 207 THE
989 169 1371 206 NIGHTINGALE
1592 180 1656 214 277

135 304 237 332 cum
273 290 463 331 mirifico
493 289 769 344 magisterio,
801 287 924 343 quod
956 287 1069 328 mori
1102 287 1301 340 amplius
1330 300 1465 337 quam
1499 286 1652 327 uiuere

136 357 282 411 placet
314 357 528 411 cogitare.
594 355 701 397 Flos
733 368 929 409 namque
976 366 1066 394 non
1115 360 1261 407 potest
1307 352 1448 400 finire,
1497 353 1556 393 ita
1587 360 1653 394 est

134 424 308 465 amicus
327 437 479 464 amore
499 422 676 470 ardens,
702 428 743 462 et
767 421 988 476 gaudium
1012 419 1110 462 eius
1135 427 1323 461 mortem
1349 419 1590 460 concinnat
1612 427 1653 460 et

134 489 395 532 melodiam.

195 554 247 595 In
280 555 507 610 principio
536 555 657 596 enim
689 554 1003 596 conuersionis
1032 567 1140 601 mee,
1173 560 1215 594 et
1246 552 1467 607 propositi
1498 552 1655 606 singu-

137 620 255 668 laris,
285 621 484 675 cogitaui
519 635 590 663 me
624 621 739 662 uelle
771 620 1014 662 assimilari
1058 619 1248 666 auicule,
1275 633 1362 674 que
1392 633 1469 674 pre
1504 631 1656 660 amore

137 689 323 744 languet
351 689 488 730 amati
514 689 601 740 sui,
629 689 708 730 sed
737 688 1000 744 languendo
1028 688 1169 730 eciam
1198 688 1359 729 letatur
1386 686 1656 728 adueniente

136 755 223 796 sibi
247 754 369 810 quod
389 762 510 795 amat
534 762 575 795 et
598 754 781 795 letando
800 754 935 804 canit,
958 754 1167 794 canendo
1188 753 1329 794 eciam
1354 753 1553 807 languet,
1577 751 1656 793 sed

138 822 183 862 in
207 821 446 863 dulcedine
470 830 511 863 et
539 821 712 863 ardore.
779 821 937 862 Fertur
965 821 1085 862 enim
1115 820 1378 875 philomena
1406 827 1497 860 tota
1528 825 1657 861 nocte

136 890 288 931 cantui
345 897 387 931 et
426 891 544 932 melo
585 889 835 945 indulgere,
880 897 928 931 ut
970 889 1009 930 ei
1053 889 1240 943 placeat,
1286 887 1357 929 cui
1400 887 1652 941 copulatur.

138 957 325 1013 Quanto
347 957 496 1013 magis
518 970 621 998 cum
647 956 870 998 suauitate
893 955 1090 996 maxima
1115 968 1321 996 canerem
1349 954 1534 996 Christo
1557 966 1658 994 meo

131 1023 304 1075 Ihesu‚l
342 1024 419 1079 qui
454 1032 520 1065 est
551 1036 751 1076 sponsus
781 1022 932 1063 anime
964 1035 1060 1063 mee
1092 1036 1171 1076 per
1207 1028 1346 1063 totam
1379 1021 1519 1062 uitam
1556 1032 1655 1074 pre-

137 1099 309 1134 sentem
339 1105 426 1146 que
453 1105 543 1133 nox
566 1098 632 1133 est
660 1097 862 1144 respectu
892 1089 1041 1131 future
1068 1088 1296 1136 claritatis,
1326 1095 1374 1129 ut
1399 1088 1656 1141 langueam,

137 1166 179 1199 et
244 1158 509 1213 languendo
571 1156 778 1198 deficiam
843 1169 922 1210 pre
983 1168 1150 1196 amore.
1249 1154 1341 1196 Sed
1406 1152 1660 1195 deficiendo

138 1225 453 1266 conualescam
485 1230 527 1264 et
554 1223 726 1264 nutriar
753 1222 797 1263 in
829 1222 1002 1270 ardore,
1035 1218 1312 1276 iubilemque
1343 1233 1394 1262 ac
1424 1218 1660 1260 iubilando

139 1305 298 1333 canam
323 1290 507 1332 delicias
532 1290 700 1331 amoris
720 1303 824 1332 cum
848 1289 1102 1336 amenitate,
1125 1295 1166 1329 et
1188 1294 1405 1341 tanquam
1431 1300 1485 1327 ex
1509 1284 1659 1326 fistula

139 1358 296 1413 perflet
325 1371 490 1399 canora
517 1371 569 1399 ac
598 1357 779 1399 feruens
805 1355 1009 1403 deuocio‚
1033 1363 1075 1396 et
1103 1355 1275 1396 emittat
1300 1353 1412 1395 odas
1436 1351 1661 1393 altissimo

141 1424 329 1466 interius
357 1424 578 1466 incensas.
640 1423 731 1465 Sed
756 1423 897 1464 eciam
921 1435 975 1463 ex
1002 1435 1078 1462 ore
1105 1420 1280 1462 oblatas
1311 1419 1355 1460 in
1381 1433 1481 1459 arra
1505 1417 1660 1459 diuine

141 1491 302 1542 laudis,
336 1491 553 1547 quatinus
579 1503 758 1544 semper
787 1489 1005 1531 subsistat
1035 1488 1188 1529 anima
1216 1487 1352 1528 auida
1380 1486 1439 1528 ad
1465 1485 1659 1540 diligen-

139 1559 262 1609 dum,
294 1565 335 1600 et
367 1571 617 1613 numquam
648 1557 834 1598 tristicia
865 1555 937 1597 uel
968 1562 1148 1609 torpore
1174 1554 1353 1596 deficiat
1380 1568 1406 1594 a
1437 1551 1661 1594 desiderio

140 1626 263 1681 quod
297 1626 486 1680 accepit.
551 1624 794 1679 Integritas
827 1636 989 1677 nempe
1027 1621 1311 1669 intencionis,
1348 1619 1661 1676 promptitudo

140 1693 403 1743 uoluntatis,
436 1693 587 1734 feruor
615 1691 827 1733 desiderii
853 1690 1057 1741 actualis,
1088 1697 1130 1731 et
1159 1689 1399 1731 conuersio
1424 1688 1469 1729 in
1497 1688 1660 1734 Deum,

140 1775 220 1816 per
251 1760 645 1802 continuacionem
679 1757 990 1815 cogitacionis‚
1024 1771 1111 1813 que
1144 1757 1188 1797 in
1223 1756 1394 1799 sanctis
1419 1753 1662 1796 animabus

140 1836 259 1877 sunt,
281 1842 371 1870 non
397 1828 554 1870 sinunt
578 1841 655 1869 eas
678 1840 861 1881 peccare
886 1825 1147 1867 mortaliter.
1213 1823 1300 1865 Uel
1323 1823 1360 1865 si
1383 1836 1466 1875 per
1488 1821 1661 1876 fragili-

141 1903 277 1938 tatem
319 1904 397 1937 aut
443 1895 756 1951 ignoranciam
803 1893 1101 1949 peccauerint,
1146 1891 1297 1933 statim
1346 1891 1434 1933 illis
1465 1889 1662 1931 stimulis

141 1964 392 2005 excitantur
439 1964 497 2005 ad
547 1977 699 2005 ueram
752 1962 1067 2017 penitenciam,
1116 1974 1196 2001 nec
1240 1960 1317 2001 diu
1371 1959 1416 1999 in
1467 1958 1662 2011 peccatis

142 2030 454 2082 morabuntur,
482 2030 623 2071 eciam
646 2030 683 2071 si
708 2029 1052 2071 delectabilibus
1075 2027 1391 2069 adheserunt.2
1450 2024 1661 2067 Uenialia
1684 2027 1709 2060 f.
1729 2029 1770 2060 99

142 2112 251 2140 uero
277 2112 364 2153 que
391 2099 679 2139 committunt
700 2098 882 2152 penitus
911 2104 1242 2139 consumuntur
1271 2097 1316 2138 in
1345 2097 1450 2151 igne
1476 2095 1659 2147 amoris,

143 2164 230 2206 nisi
257 2164 370 2205 forte
393 2164 534 2218 aliqui
557 2164 633 2204 tali
662 2163 950 2218 negligencia
975 2163 1301 2217 deprimantur,
1328 2163 1449 2218 quod
1473 2162 1664 2204 omnino

144 2239 377 2287 peccatum
414 2246 504 2273 non
534 2239 695 2286 putant
743 2232 787 2272 in
837 2246 927 2287 quo
971 2231 1255 2286 delinquunt,
1303 2239 1345 2272 et
1375 2231 1540 2273 caritas
1571 2243 1660 2271 non

133 2298 298 2340 sufficit
337 2299 395 2339 ad
436 2298 674 2340 delendam
710 2312 891 2340 omnem
932 2312 1097 2353 penam
1130 2299 1346 2349 debitam,
1390 2299 1461 2339 uel
1502 2297 1658 2339 saltem

145 2364 384 2405 tribulacio
413 2377 504 2405 non
536 2364 737 2415 infertur,
764 2378 853 2419 qua
881 2365 1014 2418 culpa
1043 2364 1227 2419 penitus
1253 2370 1544 2419 expurgetur.
1611 2361 1663 2402 In

143 2430 354 2473 accensu3
376 2439 526 2472 autem
549 2432 716 2473 amoris
737 2445 812 2473 cor
834 2432 978 2473 uritur
999 2431 1211 2473 amantis.
1276 2431 1390 2485 Igne
1411 2429 1663 2471 feruencior

145 2506 211 2542 est
245 2506 368 2541 estus
402 2498 637 2550 mirabilis,
675 2499 752 2554 qui
785 2506 826 2540 et
861 2506 1056 2540 mentem
1083 2498 1355 2540 suauissime
1390 2496 1585 2547 letificat,
1623 2502 1664 2535 et

146 2567 204 2608 ab
231 2566 390 2608 ardore
420 2565 641 2607 uiciorum
670 2566 905 2620 refrigerat
930 2573 971 2606 et
1000 2564 1284 2606 obumbrat}

206 2649 233 2678 1.
264 2647 311 2689 (9)
339 2646 516 2679 “debeo’'

203 2692 237 2723 2.
262 2691 311 2733 (h)
347 2690 624 2722 ··adhererunt.'’
734 2693 762 2725 3.
805 2691 854 2734 (h)
893 2691 942 2734 (k)
979 2689 1186 2722 “accessu''
1259 2693 1291 2723 4.
1333 2689 1381 2732 (9)
1418 2687 1664 2730 “refrigerans

139 2732 364 2771 obumbrat?
