1881 2985
242 218 308 252 170
675 209 968 246 MEEKNESS
1008 209 1122 242 AND
1163 208 1342 242 MIRTH

240 325 438 367 ostendit
488 339 569 367 nec
615 326 747 367 ualde
795 325 982 373 tristem,
1031 324 1111 366 sed
1162 324 1433 366 hilaritatem
1485 325 1620 366 habet
1667 338 1771 367 cum

240 393 509 434 maturitate.

298 460 442 502 Porro
464 461 604 502 risum
626 460 813 515 quidam
837 459 1094 512 reprobant,
1109 459 1296 514 quidam
1320 460 1556 513 laudant]
1628 460 1774 502 Risus

239 527 380 583 igitur
408 528 486 582 qui
520 535 586 569 est
619 541 673 569 ex
706 527 888 567 leuitate
920 534 962 567 et
992 526 1192 567 uanitate
1223 527 1402 578 mentis,
1441 527 1773 580 reprobabilisl

239 604 306 638 est
327 612 336 637 :
367 597 444 652 qui
467 610 575 639 uero
594 604 661 637 est
681 609 735 636 ex
753 595 978 635 hilaritate
999 594 1284 636 consciencie
1306 601 1348 635 et
1368 594 1514 636 leticia
1532 594 1773 649 spirituali,

238 663 484 705 laudabilis
504 671 585 714 est,
612 664 688 718 qui
709 663 856 704 solum
880 663 924 702 in
948 662 1081 703 iustis
1101 668 1182 713 est,
1206 669 1248 702 et
1265 661 1431 703 dicitur
1451 662 1708 705 iocunditas
1729 663 1775 702 in

241 733 488 774 dileccione
512 732 614 773 Dei.
681 732 791 772 Ideo
813 731 850 772 si
877 730 1043 772 hilares
1068 744 1228 772 sumus
1248 739 1289 771 et
1315 730 1512 779 iocundi,
1538 730 1667 784 impii
1691 741 1774 769 nos

240 800 398 842 dicunt
436 799 714 847 dissollutos‚
755 799 792 840 si
826 799 987 846 tristes,
1027 798 1185 839 dicunt
1224 797 1454 851 ipocritas.
1518 796 1613 838 Uix
1652 795 1774 837 enim

240 868 324 909 scit
361 868 528 922 aliquis
565 868 774 908 estimare
811 867 983 908 bonum
1024 866 1069 906 in
1107 865 1199 906 alio
1232 865 1354 920 quod
1390 878 1482 905 non
1521 864 1697 906 inuenit
1728 863 1773 903 in

240 936 406 989 seipso,
447 942 489 975 et
530 935 699 977 uicium
739 947 831 989 quo
867 934 964 987 ipse
1006 933 1208 986 cespitat,
1249 932 1390 973 eciam
1429 931 1571 972 alium
1610 930 1776 971 habere

242 1009 383 1057 putat,
402 1003 479 1056 [et
503 1010 569 1044 est
588 1010 716 1044 actus
742 1001 1096 1056 presumptuosi,
1123 1000 1247 1055 quod
1269 1000 1307 1041 si
1335 999 1437 1054 quis
1464 999 1609 1053 ipsius
1635 998 1777 1040 uitam

243 1085 335 1112 non
368 1070 586 1125 sequitur,
621 1070 801 1110 estimat
831 1069 1014 1110 deuiare
1047 1076 1089 1109 et
1121 1067 1283 1121 decipi,
1319 1074 1361 1107 et
1390 1066 1477 1109 hoc
1507 1066 1610 1107 ideo
1643 1065 1689 1105 in
1722 1077 1778 1104 eo

242 1138 303 1187 fit,
338 1139 444 1193 quia
477 1138 780 1179 humilitatem
815 1136 1068 1191 dereliquit.

301 1206 484 1248 Gradus
516 1206 658 1247 eciam
700 1204 971 1246 humilitatis
1009 1209 1128 1250 sunt,
1166 1201 1325 1243 oculos
1358 1201 1574 1242 dimissos
1612 1208 1776 1244 tenere,

245 1288 336 1315 non
365 1274 598 1322 sublimes,
632 1274 676 1313 in
713 1272 948 1314 locucione
984 1270 1172 1312 modum
1207 1269 1386 1317 habere,
1424 1281 1515 1309 non
1551 1266 1778 1312 excedere,

142 1350 166 1391 f,
184 1352 222 1384 31
244 1342 453 1384 meliores
495 1348 537 1381 et
575 1340 848 1382 scienciores
893 1339 1084 1380 libenter
1126 1338 1296 1385 audire,
1342 1343 1383 1377 et
1426 1335 1541 1378 uelle
1576 1336 1633 1377 ab
1676 1333 1781 1374 aliis

240 1409 521 1462 sapienciam
545 1407 694 1448 audiri
721 1407 883 1461 pocius
909 1419 1046 1460 quam
1072 1419 1097 1445 a
1123 1405 1209 1455 se‚2
1233 1412 1417 1458 tempus
1443 1401 1659 1457 loquendi
1688 1413 1779 1440 non

240 1477 505 1531 anticipare,
530 1490 556 1517 a
578 1476 809 1518 communi
828 1475 923 1516 uita
944 1488 1036 1515 non
1059 1473 1301 1523 recedere,3
1319 1472 1434 1513 alios
1455 1471 1542 1512 sibi
1565 1469 1777 1525 preferre,

243 1560 351 1589 suas
402 1546 688 1586 infirmitates
730 1556 1019 1599 cognoscere,
1068 1550 1111 1583 et
1154 1555 1202 1583 se
1247 1540 1465 1582 omnibus
1512 1539 1779 1580 deteriorem

243 1615 468 1656 estimare.
533 1612 583 1655 Si
610 1613 731 1653 enim
764 1611 1012 1653 noluissem
1044 1609 1198 1651 uenire
1229 1609 1344 1648 inter
1370 1607 1592 1657 homines,
1623 1603 1779 1659 cupiui

246 1689 294 1724 ut
325 1682 513 1723 ultimus
542 1680 745 1722 sederem
771 1680 817 1719 in
849 1691 1052 1726 numero,
1081 1684 1123 1718 et
1152 1676 1371 1717 minimus
1401 1674 1446 1714 in
1476 1673 1707 1727 opinione,
1738 1677 1781 1711 et

245 1749 310 1791 sic
333 1756 427 1789 tota
448 1748 594 1803 gloria
615 1760 714 1788 mea
736 1753 853 1787 esset
877 1746 922 1786 in
946 1744 1133 1786 Christo
1156 1743 1306 1791 Ihesu,
1326 1755 1379 1784 ac
1400 1755 1480 1784 nec
1503 1741 1683 1782 laudern
1709 1739 1781 1781 uel

246 1816 524 1870 uituperium
568 1815 808 1856 hominum
853 1813 1134 1866 respicerem,
1173 1811 1253 1853 sed
1300 1811 1390 1862 iugi
1437 1808 1689 1850 deuocione
1723 1806 1781 1847 ad

248 1883 399 1925 Deum
433 1890 671 1924 estuarem.
735 1880 872 1922 Multi
908 1893 1106 1934 namque
1141 1879 1218 1934 qui
1250 1892 1427 1920 mecum
1464 1877 1782 1932 loquebantur,

246 1952 419 1993 similes
472 1951 655 1992 fuerunt
708 1948 1041 2002 scorpionibus,
1095 1947 1173 2002 qui
1228 1946 1374 1999 capite
1429 1943 1784 1986 blandiebantur

246 2020 500 2066 adulantes,
537 2026 579 2059 et
618 2018 764 2060 cauda
799 2016 1120 2071 percuciebant
1153 2014 1464 2062 detrahentes;
1520 2027 1546 2053 a
1587 2023 1782 2067 quorum

249 2087 383 2128 labiis
427 2086 600 2141 iniquis
642 2092 684 2126 et
728 2084 904 2139 linguis
943 2083 1118 2124 dolosis
1160 2081 1369 2122 liberabit
1415 2080 1542 2122 Deus
1581 2079 1783 2120 animam

249 2167 410 2205 meam,
437 2153 720 2194 constituens
746 2165 843 2192 eam
873 2152 918 2192 in
942 2150 1116 2206 gaudio
1139 2149 1479 2204 tranquilitatis.
1544 2147 1637 2189 Sed
1664 2145 1784 2189 unde

247 2222 436 2263 accessit
486 2228 611 2261 tanta
663 2219 897 2261 demencia
942 2219 987 2259 in
1036 2224 1211 2258 mentes
1264 2217 1480 2264 uirorum,
1529 2213 1577 2257 ut
1629 2213 1783 2256 nullus

250 2287 511 2342 uituperari‚
554 2287 708 2329 nullus
750 2285 1018 2340 reprehendi
1062 2284 1183 2332 uelit,
1224 2298 1383 2325 omnes
1425 2284 1566 2325 immo
1607 2281 1783 2324 laudari

250 2363 455 2411 querant,
480 2355 711 2410 gaudeant
732 2354 790 2395 ad
815 2354 1024 2401 honores,
1051 2352 1225 2393 rideant
1246 2351 1304 2392 ad
1331 2352 1524 2400 fauores,
1551 2351 1692 2392 eciam
1719 2349 1783 2390 illi

252 2423 331 2478 qui
363 2423 603 2465 sanctioris
638 2421 728 2462 uite
768 2434 935 2462 nomen
975 2419 1190 2475 gestant?
1262 2418 1381 2459 Mihi
1422 2418 1635 2459 uidentur
1674 2418 1785 2459 tales

249 2498 328 2533 aut
377 2490 494 2532 ultra
541 2489 728 2530 modum
779 2489 937 2536 sancti,
987 2488 1058 2529 uel
1108 2486 1237 2541 quasi
1289 2486 1521 2532 insensati,
1572 2482 1784 2539 quamuis

251 2558 482 2611 sapientes
504 2564 546 2598 et
565 2557 685 2598 docti
711 2564 943 2598 uocentur.
995 2554 1112 2609 Quis
1135 2567 1242 2595 uero
1262 2567 1371 2594 sane
1393 2552 1558 2593 mentis
1581 2551 1784 2603 seipsum

253 2626 562 2667 indiscussum
584 2624 761 2672 deserit,
786 2631 828 2664 et
850 2624 896 2664 in
923 2623 1055 2665 uanis
1080 2621 1320 2662 hominum
1346 2621 1498 2662 uerbis
1522 2617 1785 2660 hilarescit?

297 2728 325 2758 1.
354 2727 402 2768 (9)
422 2728 444 2742 “
459 2723 687 2767 reprobalis.⁷’
733 2726 764 2760 2.
793 2726 843 2764 (α)
860 2723 968 2756 omits
985 2722 1060 2755 this
1082 2724 1261 2754 sentence.
1307 2722 1337 2754 3.
1366 2719 1528 2760 Curious,
1556 2718 1649 2751 from
1674 2716 1787 2758 Rolle,

252 2769 374 2802 unless
390 2769 435 2802 he
450 2768 481 2800 is
497 2768 651 2811 quoting
666 2778 764 2800 some
779 2767 958 2810 religious.
