1881 2985
255 195 321 229 166
446 196 576 231 WHY
610 197 827 235 SHOULD
862 198 974 235 THE
1007 198 1321 236 RIGHTEOUS
1355 201 1592 239 SUFFER?

252 311 303 354 Si
333 327 492 354 omnes
523 314 637 355 iuste
673 315 907 356 uiuerent:
950 314 1108 368 procul
1141 316 1285 357 dubio
1318 317 1362 357 in
1397 319 1707 374 tranquilitate
1741 327 1782 361 et

254 393 362 433 pace
406 381 504 421 sine
548 381 775 422 discordia
821 390 863 422 et
905 381 1036 423 bellis
1075 390 1332 434 manerent;
1391 385 1471 426 sed
1515 387 1623 441 quia
1669 387 1784 428 inter

251 460 422 500 paucos
448 448 595 489 bonos
622 448 751 490 multi
779 448 884 488 mali
912 456 1031 497 sunt,
1060 450 1202 491 multa
1228 451 1347 491 mala
1373 453 1576 501 ueniunt,
1603 461 1650 496 ut
1675 454 1782 495 mali

250 514 543 569 castigentur,
573 529 660 569 que
694 515 812 555 mala
845 516 986 556 eciam
1014 517 1059 556 in
1089 517 1235 559 bonos
1269 518 1504 560 incidunt:
1543 520 1651 574 quia
1677 533 1781 561 cum

251 582 384 623 malis
409 582 655 623 miscentur
679 596 823 637 usque
845 583 903 623 ad
926 590 1133 624 mortem.
1198 584 1311 626 Iusti
1337 585 1492 635 eciam,
1517 587 1626 641 quia
1649 586 1782 641 proni

249 657 356 690 sunt
376 650 433 690 ad
457 650 751 703 peccandum,
767 664 821 690 ne
843 651 943 699 ipsa
962 648 1169 704 pronitas
1187 652 1244 692 ad
1265 651 1472 694 effectum
1495 654 1782 707 perducatur,

246 730 326 770 per
354 716 587 771 flagellum
621 717 685 770 pii
718 717 892 770 patris1
924 717 1193 758 erudiuntur
1227 718 1456 772 sus-cipere
1490 718 1781 771 disciplinam

250 786 395 827 leuem
430 793 685 840 presentem
727 794 774 828 ut
813 788 1012 828 futuram
1053 787 1250 828 euadant
1285 787 1512 829 acerbam.
1588 786 1639 829 Si
1671 800 1784 841 ergo

246 853 629 906 persecucionem‚
660 852 887 894 miseriam
915 862 955 894 et
982 854 1252 908 angusciam
1281 854 1463 908 pateris,
1491 855 1634 897 habes
1659 855 1782 910 quod

247 922 460 976 >congruit
489 922 589 963 loco
614 922 658 962 in
687 936 779 976 quo
806 923 1014 963 moraris.
1078 922 1244 964 Nonne
1272 923 1405 965 uallis
1428 923 1570 964 eciam
1596 922 1782 963 tribula-

249 990 432 1030 cionum
472 997 537 1030 est
578 990 622 1030 in
664 1003 757 1044 quo
794 991 876 1031 es?
931 990 1165 1045 quomodo
1202 991 1344 1032 eciam
1385 991 1585 1046 gaudere
1626 991 1697 1033 uis
1736 990 1781 1030 in

246 1070 422 1098 carcere
452 1064 493 1097 et
524 1057 569 1097 in
598 1058 814 1099 omnibus
847 1058 893 1097 in
922 1057 1059 1098 exilio
1084 1058 1356 1111 prosperari,
1386 1066 1465 1099 aut
1496 1058 1595 1100 sine
1626 1058 1782 1100 dolore

249 1125 668 1179 peregrinacionem
723 1125 910 1179 longam
966 1125 1275 1179 pertransire?
1371 1125 1606 1167 Memento
1659 1126 1782 1182 quod

250 1192 462 1234 Christus
490 1201 531 1234 et
559 1193 755 1246 apostoli
782 1200 1006 1234 tormenta
1033 1193 1157 1247 passi
1185 1200 1304 1241 sunt,
1332 1200 1374 1234 et
1399 1200 1447 1235 tu
1474 1194 1532 1235 ad
1558 1193 1781 1249 gaudium

249 1274 328 1314 per
352 1260 574 1315 gaudium
603 1261 756 1315 queris
786 1261 1047 1314 peruenire;
1089 1261 1169 1302 sed
1196 1274 1287 1302 non
1317 1261 1469 1302 facies.
1536 1261 1630 1302 Aut
1660 1260 1781 1302 enirn

250 1328 295 1368 in
339 1327 423 1368 hac
472 1328 565 1369 uita
610 1328 734 1383 ignis
778 1328 924 1370 diuini
970 1328 1140 1369 amoris
1186 1328 1446 1382 rubiginem
1493 1333 1781 1382 peccatorum

250 1402 508 1436 nostrorum
541 1403 776 1437 consumet
807 1402 848 1436 et
878 1396 1056 1436 animas
1087 1395 1364 1443 clarificabit,
1398 1402 1445 1437 ut
1474 1402 1580 1448 apte
1606 1394 1699 1437 sint
1724 1393 1783 1435 ad

249 1463 526 1504 euolandum
573 1463 644 1505 uel
691 1470 793 1517 post
837 1463 954 1504 hanc
995 1463 1134 1504 uitam
1187 1463 1310 1517 ignis
1357 1462 1611 1517 purgatorii
1660 1463 1784 1516 ipsas

249 1531 427 1572 animas
463 1539 642 1572 nostras
676 1530 916 1581 excruciat,
954 1531 991 1571 si
1027 1543 1110 1571 nos
1146 1530 1355 1571 incendia
1391 1530 1556 1570 inferni
1592 1528 1784 1570 euadere

248 1599 501 1654 contingat,
540 1599 611 1640 uel
648 1598 686 1640 si
724 1612 814 1639 non
851 1599 909 1639 sit
945 1598 990 1638 in
1016 1597 1162 1639 'nobis
1197 1605 1322 1638 tanta
1360 1598 1431 1639 uis
1458 1597 1627 1638 amoris
1660 1595 1783 1651 quod

248 1667 383 1720 plene
412 1680 494 1707 nos
524 1673 711 1706 exurat:
748 1665 1142 1713 tribulacionibus,
1175 1664 1517 1705 infirmitatibus
1546 1671 1587 1705 et
1614 1676 1784 1717 angus-

249 1735 333 1777 ciis
366 1749 449 1776 nos
480 1735 651 1788 expiari
684 1742 875 1788 oportet.

309 1803 412 1845 Hoc
442 1803 583 1844 eciam
613 1802 787 1857 absque
817 1802 1041 1856 ambiguo
1067 1800 1329 1848 habeamus,
1361 1801 1483 1855 quod
1516 1814 1607 1841 non
1636 1806 1784 1855 potest

250 1870 433 1912 iuuenis
454 1870 568 1911 inter
580 1870 834 1911 blandicias
853 1877 895 1910 et
917 1870 1067 1911 dulcia
1082 1869 1221 1910 uerba
1234 1869 1527 1922 pulchrarum
1543 1870 1784 1912 mulierum

248 1944 291 1978 et
323 1936 591 1979 affluencias
621 1937 885 1978 deliciarum
916 1944 1102 1978 sanctus
1136 1936 1245 1987 fieri,
1286 1937 1372 1977 nisi
1403 1950 1458 1977 ex
1492 1935 1785 1978 inestimabili

123 2014 150 2049 f.
167 2014 231 2047 281)
254 2005 573 2060 magnitudine
595 2005 746 2060 gracie
771 2005 870 2053 Dei,
894 2005 971 2046 ubi
996 2012 1059 2046 tot
1077 2012 1118 2046 et
1138 2011 1263 2045 tanta
1284 2005 1342 2046 ad
1365 2005 1545 2058 lapsum
1565 2005 1785 2055 alliciunt,

250 2073 372 2128 quod
409 2086 515 2126 sepe
545 2073 687 2114 eciam
723 2080 931 2113 sanctum
963 2072 1112 2113 uirum
1148 2071 1461 2113 confuserunt.
1527 2069 1784 2110 Maximum

253 2155 363 2196 ergo
413 2142 682 2183 miraculum
729 2141 892 2182 estimo
937 2154 1039 2182 cum
1085 2139 1188 2194 quis
1236 2152 1315 2192 per
1359 2138 1560 2193 graciam
1608 2137 1694 2177 Dei
1742 2142 1786 2176 et

247 2222 449 2249 amorem
490 2208 661 2249 Christi
700 2208 781 2249 hec
818 2207 1069 2249 alliciencia
1102 2206 1297 2260 perfecte
1335 2204 1711 2258 contempnitur‚2
1743 2210 1785 2243 et

254 2278 369 2319 inter
410 2277 486 2318 illa
521 2278 673 2318 anime
710 2276 1010 2318 aduersancia
1049 2274 1261 2330 quamuis
1301 2273 1424 2315 carni
1467 2272 1622 2313 mollia
1661 2270 1786 2313 uide-

252 2352 399 2393 antur,
443 2344 501 2385 ad
544 2344 757 2385 eximiam
807 2356 1003 2397 superne
1046 2341 1454 2395 contemplacionis
1501 2339 1785 2382 sanctitatem

250 2412 441 2453 uiriliter
464 2412 683 2462 ascendit,
714 2418 755 2452 et
784 2411 939 2465 procul
967 2409 1109 2452 dubio
1133 2422 1187 2450 eo
1214 2408 1412 2450 sanctior
1441 2414 1507 2448 est
1531 2414 1573 2447 et
1599 2405 1787 2447 uberius

255 2478 403 2521 diuini
439 2482 599 2522 amoris
641 2481 812 2523 solacio
850 2481 966 2520 intra
1000 2478 1210 2532 repletur,
1250 2490 1343 2531 quo
1379 2476 1424 2516 in
1464 2476 1571 2530 igne
1609 2473 1787 2529 positus

254 2551 396 2592 nescit
419 2549 575 2590 ardere
601 2556 643 2590 et
674 2548 926 2589 illicebrose
952 2546 1042 2588 uite
1070 2545 1400 2586 oblectamenta
1431 2542 1550 2584 ultro
1576 2554 1624 2582 se
1652 2538 1784 2581 offer-

253 2618 383 2659 encia
405 2617 656 2671 perfeccius
678 2615 918 2669 extinguit,
943 2612 1066 2668 quod
1093 2611 1308 2652 nimirum
1336 2609 1419 2651 etsi
1446 2621 1547 2649 raro
1573 2606 1786 2648 Christus

254 2686 299 2726 in
335 2684 610 2740 quibusdam
645 2682 820 2724 dilectis
854 2681 951 2724 suis
983 2686 1211 2734 operatur.
1277 2677 1347 2718 De
1381 2675 1549 2731 quibus
1582 2671 1776 2714 dicitur:

311 2775 338 2807 1.
360 2772 415 2806 Cf.
435 2771 522 2805 Heb.
544 2773 595 2811 12,
613 2773 644 2804 6.
692 2772 720 2804 2.
748 2770 811 2812 (f)
829 2767 1122 2811 “concempniffl'
