<?xml version="1.0" encoding="UTF-8"?>
<!DOCTYPE html PUBLIC "-//W3C//DTD XHTML 1.0 Transitional//EN"
    "http://www.w3.org/TR/xhtml1/DTD/xhtml1-transitional.dtd">
<html xmlns="http://www.w3.org/1999/xhtml" xml:lang="en" lang="en">
 <head>
  <title>
</title>
<meta http-equiv="Content-Type" content="text/html;charset=utf-8" />
  <meta name='ocr-system' content='tesseract 3.04.00' />
  <meta name='ocr-capabilities' content='ocr_page ocr_carea ocr_par ocr_line ocrx_word'/>
</head>
<body>
  <div class='ocr_page' id='page_1' title='image "./incendiumamoris00rolluoft_0171.png"; bbox 0 0 1809 3036; ppageno 0'>
   <div class='ocr_carea' id='block_1_1' title="bbox 592 227 1672 271">
    <p class='ocr_par' dir='ltr' id='par_1_1' title="bbox 592 227 1672 271">
     <span class='ocr_line' id='line_1_1' title="bbox 592 227 1672 271; baseline -0.003 -7"><span class='ocrx_word' id='word_1_1' title='bbox 592 227 979 265; x_wconf 84' lang='lat' dir='ltr'>OBSERVANCES</span> <span class='ocrx_word' id='word_1_2' title='bbox 1013 227 1083 261; x_wconf 91' lang='lat' dir='ltr'>AT</span> <span class='ocrx_word' id='word_1_3' title='bbox 1116 228 1242 262; x_wconf 87' lang='lat' dir='ltr'>SION</span> <span class='ocrx_word' id='word_1_4' title='bbox 1609 237 1672 271; x_wconf 84' lang='lat'>141</span> 
     </span>
    </p>
   </div>
   <div class='ocr_carea' id='block_1_2' title="bbox 133 343 1680 2836">
    <p class='ocr_par' dir='ltr' id='par_1_2' title="bbox 146 343 1677 1413">
     <span class='ocr_line' id='line_1_2' title="bbox 150 343 1672 399; baseline 0 -16"><span class='ocrx_word' id='word_1_5' title='bbox 150 343 385 398; x_wconf 89' lang='lat' dir='ltr'>regularis,</span> <span class='ocrx_word' id='word_1_6' title='bbox 411 351 452 384; x_wconf 92' lang='lat' dir='ltr'>et</span> <span class='ocrx_word' id='word_1_7' title='bbox 475 345 836 385; x_wconf 88' lang='lat' dir='ltr'>continuacionis</span> <span class='ocrx_word' id='word_1_8' title='bbox 856 343 979 385; x_wconf 90' lang='lat' dir='ltr'>chori</span> <span class='ocrx_word' id='word_1_9' title='bbox 1001 357 1084 399; x_wconf 87' lang='lat' dir='ltr'>pro</span> <span class='ocrx_word' id='word_1_10' title='bbox 1105 343 1333 384; x_wconf 80' lang='lat' dir='ltr'>debilibus</span> <span class='ocrx_word' id='word_1_11' title='bbox 1352 351 1394 383; x_wconf 91' lang='lat' dir='ltr'>et</span> <span class='ocrx_word' id='word_1_12' title='bbox 1416 343 1672 395; x_wconf 90' lang='lat' dir='ltr'>impotenti-</span> 
     </span>
     <span class='ocr_line' id='line_1_3' title="bbox 148 410 1672 462; baseline -0.001 -11"><span class='ocrx_word' id='word_1_13' title='bbox 148 412 249 462; x_wconf 98' lang='lat' dir='ltr'>bus,</span> <span class='ocrx_word' id='word_1_14' title='bbox 277 418 354 451; x_wconf 86' lang='lat' dir='ltr'>aut</span> <span class='ocrx_word' id='word_1_15' title='bbox 376 419 555 454; x_wconf 90' lang='lat' dir='ltr'>cantare</span> <span class='ocrx_word' id='word_1_16' title='bbox 580 412 899 462; x_wconf 81' lang='lat' dir='ltr'><strong>nescientibus,</strong></span> <span class='ocrx_word' id='word_1_17' title='bbox 926 418 1003 451; x_wconf 91' lang='lat' dir='ltr'>aut</span> <span class='ocrx_word' id='word_1_18' title='bbox 1026 411 1140 453; x_wconf 88' lang='lat' dir='ltr'>alias</span> <span class='ocrx_word' id='word_1_19' title='bbox 1159 412 1217 452; x_wconf 90' lang='lat' dir='ltr'>ad</span> <span class='ocrx_word' id='word_1_20' title='bbox 1243 411 1349 451; x_wconf 93' lang='lat' dir='ltr'>talia</span> <span class='ocrx_word' id='word_1_21' title='bbox 1371 425 1461 452; x_wconf 92' lang='lat' dir='ltr'>non</span> <span class='ocrx_word' id='word_1_22' title='bbox 1485 410 1672 451; x_wconf 90' lang='lat' dir='ltr'>ualenti-</span> 
     </span>
     <span class='ocr_line' id='line_1_4' title="bbox 146 477 1674 532; baseline -0.001 -11"><span class='ocrx_word' id='word_1_23' title='bbox 146 480 233 521; x_wconf 86' lang='lat' dir='ltr'>bus</span> <span class='ocrx_word' id='word_1_24' title='bbox 252 494 261 519; x_wconf 87' lang='lat'><strong>:</strong></span> <span class='ocrx_word' id='word_1_25' title='bbox 278 486 527 532; x_wconf 83' lang='lat' dir='ltr'>oportunas</span> <span class='ocrx_word' id='word_1_26' title='bbox 550 480 830 521; x_wconf 82' lang='lat' dir='ltr'>consciencie</span> <span class='ocrx_word' id='word_1_27' title='bbox 854 479 1128 520; x_wconf 90' lang='lat' dir='ltr'>confessoris</span> <span class='ocrx_word' id='word_1_28' title='bbox 1139 477 1463 530; x_wconf 83' lang='lat' dir='ltr'>existentispro</span> <span class='ocrx_word' id='word_1_29' title='bbox 1473 484 1674 530; x_wconf 88' lang='lat' dir='ltr'>tempore</span> 
     </span>
     <span class='ocr_line' id='line_1_5' title="bbox 148 546 1673 602; baseline -0.002 -13"><span class='ocrx_word' id='word_1_30' title='bbox 148 548 524 589; x_wconf 89' lang='lat' dir='ltr'>committendas:</span> <span class='ocrx_word' id='word_1_31' title='bbox 559 549 674 590; x_wconf 88' lang='lat' dir='ltr'>circa</span> <span class='ocrx_word' id='word_1_32' title='bbox 700 549 935 589; x_wconf 91' lang='lat' dir='ltr'>ministros</span> <span class='ocrx_word' id='word_1_33' title='bbox 959 561 1140 602; x_wconf 89' lang='lat' dir='ltr'>quoque</span> <span class='ocrx_word' id='word_1_34' title='bbox 1165 554 1205 589; x_wconf 90' lang='lat' dir='ltr'>et</span> <span class='ocrx_word' id='word_1_35' title='bbox 1232 546 1478 587; x_wconf 78' lang='lat' dir='ltr'>familiares</span> <span class='ocrx_word' id='word_1_36' title='bbox 1505 554 1545 587; x_wconf 90' lang='lat' dir='ltr'>et</span> <span class='ocrx_word' id='word_1_37' title='bbox 1572 559 1673 599; x_wconf 93' lang='lat' dir='ltr'>pro-</span> 
     </span>
     <span class='ocr_line' id='line_1_6' title="bbox 147 615 1675 670; baseline -0.002 -15"><span class='ocrx_word' id='word_1_38' title='bbox 147 622 377 656; x_wconf 80' lang='lat' dir='ltr'>curatores</span> <span class='ocrx_word' id='word_1_39' title='bbox 395 616 619 658; x_wconf 88' lang='lat' dir='ltr'>seculares</span> <span class='ocrx_word' id='word_1_40' title='bbox 639 617 710 657; x_wconf 93' lang='lat' dir='ltr'>uel</span> <span class='ocrx_word' id='word_1_41' title='bbox 736 616 975 670; x_wconf 89' lang='lat' dir='ltr'>religiosos</span> <span class='ocrx_word' id='word_1_42' title='bbox 994 616 1321 669; x_wconf 90' lang='lat' dir='ltr'>cuiuscunque,</span> <span class='ocrx_word' id='word_1_43' title='bbox 1347 615 1487 656; x_wconf 92' lang='lat' dir='ltr'>eciam</span> <span class='ocrx_word' id='word_1_44' title='bbox 1514 621 1675 668; x_wconf 88' lang='lat' dir='ltr'>preter-</span> 
     </span>
     <span class='ocr_line' id='line_1_7' title="bbox 149 682 1674 738; baseline -0.001 -15"><span class='ocrx_word' id='word_1_45' title='bbox 149 697 285 738; x_wconf 89' lang='lat' dir='ltr'>quam</span> <span class='ocrx_word' id='word_1_46' title='bbox 334 683 643 725; x_wconf 90' lang='lat' dir='ltr'>Cartusiensis</span> <span class='ocrx_word' id='word_1_47' title='bbox 686 684 852 725; x_wconf 88' lang='lat' dir='ltr'>fuerint</span> <span class='ocrx_word' id='word_1_48' title='bbox 902 684 1091 734; x_wconf 78' lang='lat' dir='ltr'>ordinis,</span> <span class='ocrx_word' id='word_1_49' title='bbox 1137 683 1195 724; x_wconf 92' lang='lat' dir='ltr'>ad</span> <span class='ocrx_word' id='word_1_50' title='bbox 1237 682 1588 724; x_wconf 90' lang='lat' dir='ltr'>ministrandum</span> <span class='ocrx_word' id='word_1_51' title='bbox 1632 692 1674 722; x_wconf 88' lang='lat' dir='ltr'>et</span> 
     </span>
     <span class='ocr_line' id='line_1_8' title="bbox 147 749 1673 806; baseline -0.001 -14"><span class='ocrx_word' id='word_1_52' title='bbox 147 752 493 806; x_wconf 90' lang='lat' dir='ltr'>obsequendum</span> <span class='ocrx_word' id='word_1_53' title='bbox 523 752 710 794; x_wconf 88' lang='lat' dir='ltr'>inclusis</span> <span class='ocrx_word' id='word_1_54' title='bbox 739 759 781 793; x_wconf 93' lang='lat' dir='ltr'>et</span> <span class='ocrx_word' id='word_1_55' title='bbox 808 752 910 793; x_wconf 90' lang='lat' dir='ltr'>aliis</span> <span class='ocrx_word' id='word_1_56' title='bbox 940 752 1150 806; x_wconf 91' lang='lat' dir='ltr'>personis</span> <span class='ocrx_word' id='word_1_57' title='bbox 1182 752 1227 791; x_wconf 93' lang='lat' dir='ltr'>in</span> <span class='ocrx_word' id='word_1_58' title='bbox 1261 751 1316 792; x_wconf 91' lang='lat' dir='ltr'>de</span> <span class='ocrx_word' id='word_1_59' title='bbox 1350 750 1462 792; x_wconf 86' lang='lat' dir='ltr'>Sion</span> <span class='ocrx_word' id='word_1_60' title='bbox 1497 758 1539 791; x_wconf 90' lang='lat' dir='ltr'>et</span> <span class='ocrx_word' id='word_1_61' title='bbox 1571 749 1673 791; x_wconf 86' lang='lat' dir='ltr'>aliis</span> 
     </span>
     <span class='ocr_line' id='line_1_9' title="bbox 147 818 1675 871; baseline -0.001 -13"><span class='ocrx_word' id='word_1_62' title='bbox 147 818 397 859; x_wconf 78' lang='lat' dir='ltr'>fundandis</span> <span class='ocrx_word' id='word_1_63' title='bbox 432 828 473 859; x_wconf 88' lang='lat' dir='ltr'>et</span> <span class='ocrx_word' id='word_1_64' title='bbox 510 819 722 860; x_wconf 88' lang='lat' dir='ltr'>dotandis</span> <span class='ocrx_word' id='word_1_65' title='bbox 754 818 1039 859; x_wconf 90' lang='lat' dir='ltr'>monasteriis</span> <span class='ocrx_word' id='word_1_66' title='bbox 1069 825 1110 858; x_wconf 93' lang='lat' dir='ltr'>et</span> <span class='ocrx_word' id='word_1_67' title='bbox 1142 818 1252 859; x_wconf 89' lang='lat' dir='ltr'>locis</span> <span class='ocrx_word' id='word_1_68' title='bbox 1288 818 1551 859; x_wconf 91' lang='lat' dir='ltr'>huiusmodi</span> <span class='ocrx_word' id='word_1_69' title='bbox 1590 829 1675 871; x_wconf 90' lang='lat' dir='ltr'>pro</span> 
     </span>
     <span class='ocr_line' id='line_1_10' title="bbox 147 884 1675 939; baseline 0 -14"><span class='ocrx_word' id='word_1_70' title='bbox 147 892 350 938; x_wconf 91' lang='lat' dir='ltr'>tempore</span> <span class='ocrx_word' id='word_1_71' title='bbox 396 885 693 939; x_wconf 87' lang='lat' dir='ltr'>degentibus;</span> <span class='ocrx_word' id='word_1_72' title='bbox 743 899 917 926; x_wconf 90' lang='lat' dir='ltr'>necnon</span> <span class='ocrx_word' id='word_1_73' title='bbox 966 885 1082 926; x_wconf 90' lang='lat' dir='ltr'>circa</span> <span class='ocrx_word' id='word_1_74' title='bbox 1131 886 1317 926; x_wconf 91' lang='lat' dir='ltr'>modum</span> <span class='ocrx_word' id='word_1_75' title='bbox 1363 884 1675 925; x_wconf 91' lang='lat' dir='ltr'>confessiones</span> 
     </span>
     <span class='ocr_line' id='line_1_11' title="bbox 147 952 1675 1004; baseline 0 -11"><span class='ocrx_word' id='word_1_76' title='bbox 147 953 371 994; x_wconf 85' lang='lat' dir='ltr'>dictorum</span> <span class='ocrx_word' id='word_1_77' title='bbox 404 953 592 994; x_wconf 87' lang='lat' dir='ltr'>fratrum</span> <span class='ocrx_word' id='word_1_78' title='bbox 623 961 664 994; x_wconf 90' lang='lat' dir='ltr'>et</span> <span class='ocrx_word' id='word_1_79' title='bbox 694 967 917 1004; x_wconf 90' lang='lat' dir='ltr'>sororum,</span> <span class='ocrx_word' id='word_1_80' title='bbox 951 967 1002 995; x_wconf 92' lang='lat' dir='ltr'>ac</span> <span class='ocrx_word' id='word_1_81' title='bbox 1032 953 1225 994; x_wconf 91' lang='lat' dir='ltr'>aliorum</span> <span class='ocrx_word' id='word_1_82' title='bbox 1254 960 1585 1004; x_wconf 81' lang='lat' dir='ltr'>extraneorum,</span> <span class='ocrx_word' id='word_1_83' title='bbox 1616 952 1675 993; x_wconf 91' lang='lat' dir='ltr'>ad</span> 
     </span>
     <span class='ocr_line' id='line_1_12' title="bbox 147 1019 1674 1076; baseline -0.001 -15"><span class='ocrx_word' id='word_1_84' title='bbox 147 1021 347 1074; x_wconf 89' lang='lat' dir='ltr'>predicta</span> <span class='ocrx_word' id='word_1_85' title='bbox 376 1022 650 1062; x_wconf 85' lang='lat' dir='ltr'>monasteria</span> <span class='ocrx_word' id='word_1_86' title='bbox 684 1029 726 1062; x_wconf 90' lang='lat' dir='ltr'>et</span> <span class='ocrx_word' id='word_1_87' title='bbox 760 1022 857 1062; x_wconf 90' lang='lat' dir='ltr'>loca</span> <span class='ocrx_word' id='word_1_88' title='bbox 887 1021 1276 1076; x_wconf 89' lang='lat' dir='ltr'>peregrinacionis</span> <span class='ocrx_word' id='word_1_89' title='bbox 1301 1029 1379 1062; x_wconf 94' lang='lat' dir='ltr'>aut</span> <span class='ocrx_word' id='word_1_90' title='bbox 1408 1019 1674 1062; x_wconf 89' lang='lat' dir='ltr'>deuocionis</span> 
     </span>
     <span class='ocr_line' id='line_1_13' title="bbox 147 1087 1674 1141; baseline -0.001 -12"><span class='ocrx_word' id='word_1_91' title='bbox 147 1102 283 1129; x_wconf 90' lang='lat' dir='ltr'>causa</span> <span class='ocrx_word' id='word_1_92' title='bbox 327 1102 412 1141; x_wconf 92' lang='lat' dir='ltr'>pro</span> <span class='ocrx_word' id='word_1_93' title='bbox 453 1096 655 1141; x_wconf 90' lang='lat' dir='ltr'>ternpore</span> <span class='ocrx_word' id='word_1_94' title='bbox 700 1089 1045 1135; x_wconf 62' lang='lat' dir='ltr'>declinandum,</span> <span class='ocrx_word' id='word_1_95' title='bbox 1089 1088 1320 1135; x_wconf 90' lang='lat' dir='ltr'>audiendi,</span> <span class='ocrx_word' id='word_1_96' title='bbox 1365 1095 1406 1128; x_wconf 92' lang='lat' dir='ltr'>et</span> <span class='ocrx_word' id='word_1_97' title='bbox 1452 1087 1674 1128; x_wconf 87' lang='lat' dir='ltr'>confessis</span> 
     </span>
     <span class='ocr_line' id='line_1_14' title="bbox 148 1155 1677 1209; baseline 0.001 -13"><span class='ocrx_word' id='word_1_98' title='bbox 148 1155 417 1196; x_wconf 90' lang='lat' dir='ltr'>beneficium</span> <span class='ocrx_word' id='word_1_99' title='bbox 441 1155 765 1205; x_wconf 90' lang='lat' dir='ltr'>absolucionis,</span> <span class='ocrx_word' id='word_1_100' title='bbox 788 1155 928 1196; x_wconf 89' lang='lat' dir='ltr'>eciam</span> <span class='ocrx_word' id='word_1_101' title='bbox 950 1155 995 1194; x_wconf 92' lang='lat' dir='ltr'>in</span> <span class='ocrx_word' id='word_1_102' title='bbox 1017 1155 1200 1196; x_wconf 87' lang='lat' dir='ltr'>casibus</span> <span class='ocrx_word' id='word_1_103' title='bbox 1219 1155 1263 1194; x_wconf 90' lang='lat' dir='ltr'>in</span> <span class='ocrx_word' id='word_1_104' title='bbox 1286 1155 1456 1209; x_wconf 92' lang='lat' dir='ltr'>quibus</span> <span class='ocrx_word' id='word_1_105' title='bbox 1478 1155 1677 1197; x_wconf 86' lang='lat' dir='ltr'>minores</span> 
     </span>
     <span class='ocr_line' id='line_1_15' title="bbox 149 1222 1671 1276; baseline -0.002 -13"><span class='ocrx_word' id='word_1_106' title='bbox 149 1223 454 1276; x_wconf 88' lang='lat' dir='ltr'>penitentiarii</span> <span class='ocrx_word' id='word_1_107' title='bbox 488 1223 611 1264; x_wconf 92' lang='lat' dir='ltr'>sedis</span> <span class='ocrx_word' id='word_1_108' title='bbox 643 1223 889 1275; x_wconf 86' lang='lat' dir='ltr'>apostolice</span> <span class='ocrx_word' id='word_1_109' title='bbox 925 1223 1161 1264; x_wconf 92' lang='lat' dir='ltr'>absoluere</span> <span class='ocrx_word' id='word_1_110' title='bbox 1199 1222 1345 1263; x_wconf 84' lang='lat' dir='ltr'>solent</span> <span class='ocrx_word' id='word_1_111' title='bbox 1384 1230 1425 1264; x_wconf 92' lang='lat' dir='ltr'>et</span> <span class='ocrx_word' id='word_1_112' title='bbox 1463 1229 1671 1276; x_wconf 87' lang='lat' dir='ltr'>possunt,</span> 
     </span>
     <span class='ocr_line' id='line_1_16' title="bbox 150 1290 1675 1344; baseline -0.001 -13"><span class='ocrx_word' id='word_1_113' title='bbox 150 1291 475 1344; x_wconf 83' lang='lat' dir='ltr'>impendendi:</span> <span class='ocrx_word' id='word_1_114' title='bbox 531 1304 583 1331; x_wconf 94' lang='lat' dir='ltr'>ac</span> <span class='ocrx_word' id='word_1_115' title='bbox 625 1292 779 1332; x_wconf 91' lang='lat' dir='ltr'>omnia</span> <span class='ocrx_word' id='word_1_116' title='bbox 828 1298 869 1331; x_wconf 93' lang='lat' dir='ltr'>et</span> <span class='ocrx_word' id='word_1_117' title='bbox 920 1291 1105 1344; x_wconf 90' lang='lat' dir='ltr'>singula</span> <span class='ocrx_word' id='word_1_118' title='bbox 1155 1291 1244 1331; x_wconf 90' lang='lat' dir='ltr'>alia</span> <span class='ocrx_word' id='word_1_119' title='bbox 1291 1291 1408 1331; x_wconf 89' lang='lat' dir='ltr'>circa</span> <span class='ocrx_word' id='word_1_120' title='bbox 1454 1290 1675 1344; x_wconf 88' lang='lat' dir='ltr'>premissa</span> 
     </span>
     <span class='ocr_line' id='line_1_17' title="bbox 151 1358 1438 1413; baseline 0.001 -15"><span class='ocrx_word' id='word_1_121' title='bbox 151 1359 401 1400; x_wconf 87' lang='lat' dir='ltr'>necessaria</span> <span class='ocrx_word' id='word_1_122' title='bbox 426 1372 505 1413; x_wconf 91' lang='lat' dir='ltr'>per</span> <span class='ocrx_word' id='word_1_123' title='bbox 531 1359 720 1399; x_wconf 90' lang='lat' dir='ltr'>eandem</span> <span class='ocrx_word' id='word_1_124' title='bbox 745 1359 897 1400; x_wconf 92' lang='lat' dir='ltr'>sedem</span> <span class='ocrx_word' id='word_1_125' title='bbox 920 1358 1160 1400; x_wconf 84' lang='lat' dir='ltr'>salubriter</span> <span class='ocrx_word' id='word_1_126' title='bbox 1183 1359 1438 1413; x_wconf 88' lang='lat' dir='ltr'>prouideri;</span> 
     </span>
    </p>

    <p class='ocr_par' dir='ltr' id='par_1_3' title="bbox 133 1427 1680 2564">
     <span class='ocr_line' id='line_1_18' title="bbox 208 1427 1676 1481; baseline -0.001 -13"><span class='ocrx_word' id='word_1_127' title='bbox 208 1427 319 1477; x_wconf 91' lang='lat' dir='ltr'>Nos,</span> <span class='ocrx_word' id='word_1_128' title='bbox 376 1427 556 1469; x_wconf 92' lang='lat' dir='ltr'>deuotis</span> <span class='ocrx_word' id='word_1_129' title='bbox 605 1427 807 1468; x_wconf 89' lang='lat' dir='ltr'>eiusdem</span> <span class='ocrx_word' id='word_1_130' title='bbox 863 1427 983 1481; x_wconf 89' lang='lat' dir='ltr'>regis</span> <span class='ocrx_word' id='word_1_131' title='bbox 1034 1427 1272 1468; x_wconf 91' lang='lat' dir='ltr'>desideriis</span> <span class='ocrx_word' id='word_1_132' title='bbox 1324 1428 1368 1467; x_wconf 95' lang='lat' dir='ltr'>in</span> <span class='ocrx_word' id='word_1_133' title='bbox 1422 1427 1506 1468; x_wconf 89' lang='lat' dir='ltr'>hac</span> <span class='ocrx_word' id='word_1_134' title='bbox 1550 1432 1676 1480; x_wconf 90' lang='lat' dir='ltr'>parte</span> 
     </span>
     <span class='ocr_line' id='line_1_19' title="bbox 150 1494 1675 1550; baseline -0.001 -15"><span class='ocrx_word' id='word_1_135' title='bbox 150 1495 458 1536; x_wconf 85' lang='lat' dir='ltr'>fauorabiliter</span> <span class='ocrx_word' id='word_1_136' title='bbox 505 1502 773 1546; x_wconf 88' lang='lat' dir='ltr'>annuentes,</span> <span class='ocrx_word' id='word_1_137' title='bbox 834 1495 1101 1535; x_wconf 88' lang='lat' dir='ltr'>discrecioni</span> <span class='ocrx_word' id='word_1_138' title='bbox 1155 1502 1316 1546; x_wconf 89' lang='lat' dir='ltr'>uestre,</span> <span class='ocrx_word' id='word_1_139' title='bbox 1373 1495 1429 1536; x_wconf 91' lang='lat' dir='ltr'>de</span> <span class='ocrx_word' id='word_1_140' title='bbox 1486 1510 1575 1550; x_wconf 92' lang='lat' dir='ltr'>qua</span> <span class='ocrx_word' id='word_1_141' title='bbox 1630 1494 1675 1534; x_wconf 92' lang='lat' dir='ltr'>in</span> 
     </span>
     <span class='ocr_line' id='line_1_20' title="bbox 150 1563 1672 1617; baseline 0 -14"><span class='ocrx_word' id='word_1_142' title='bbox 150 1563 239 1604; x_wconf 91' lang='lat' dir='ltr'>hiis</span> <span class='ocrx_word' id='word_1_143' title='bbox 282 1570 323 1604; x_wconf 89' lang='lat' dir='ltr'>et</span> <span class='ocrx_word' id='word_1_144' title='bbox 369 1563 471 1605; x_wconf 92' lang='lat' dir='ltr'>aliis</span> <span class='ocrx_word' id='word_1_145' title='bbox 516 1563 757 1617; x_wconf 88' lang='lat' dir='ltr'>specialem</span> <span class='ocrx_word' id='word_1_146' title='bbox 806 1564 850 1603; x_wconf 93' lang='lat' dir='ltr'>in</span> <span class='ocrx_word' id='word_1_147' title='bbox 899 1563 1088 1604; x_wconf 91' lang='lat' dir='ltr'>domino</span> <span class='ocrx_word' id='word_1_148' title='bbox 1138 1563 1350 1604; x_wconf 91' lang='lat' dir='ltr'>fiduciam</span> <span class='ocrx_word' id='word_1_149' title='bbox 1396 1563 1672 1614; x_wconf 92' lang='lat' dir='ltr'>obtinemus,</span> 
     </span>
     <span class='ocr_line' id='line_1_21' title="bbox 149 1631 1673 1685; baseline -0.001 -13"><span class='ocrx_word' id='word_1_150' title='bbox 149 1645 228 1685; x_wconf 90' lang='lat' dir='ltr'>per</span> <span class='ocrx_word' id='word_1_151' title='bbox 301 1631 551 1684; x_wconf 85' lang='lat' dir='ltr'>apostolica</span> <span class='ocrx_word' id='word_1_152' title='bbox 624 1631 792 1684; x_wconf 88' lang='lat' dir='ltr'>scripta</span> <span class='ocrx_word' id='word_1_153' title='bbox 866 1631 1195 1672; x_wconf 90' lang='lat' dir='ltr'>committimus</span> <span class='ocrx_word' id='word_1_154' title='bbox 1268 1639 1310 1672; x_wconf 90' lang='lat' dir='ltr'>et</span> <span class='ocrx_word' id='word_1_155' title='bbox 1384 1632 1673 1682; x_wconf 85' lang='lat' dir='ltr'>mandamus,</span> 
     </span>
     <span class='ocr_line' id='line_1_22' title="bbox 151 1700 1676 1754; baseline 0 -14"><span class='ocrx_word' id='word_1_156' title='bbox 151 1708 377 1754; x_wconf 91' lang='lat' dir='ltr'>quatenus</span> <span class='ocrx_word' id='word_1_157' title='bbox 452 1713 550 1751; x_wconf 91' lang='lat' dir='ltr'>uos,</span> <span class='ocrx_word' id='word_1_158' title='bbox 625 1700 697 1740; x_wconf 92' lang='lat' dir='ltr'>uel</span> <span class='ocrx_word' id='word_1_159' title='bbox 764 1700 857 1740; x_wconf 92' lang='lat' dir='ltr'>duo</span> <span class='ocrx_word' id='word_1_160' title='bbox 927 1708 1004 1740; x_wconf 88' lang='lat' dir='ltr'>aut</span> <span class='ocrx_word' id='word_1_161' title='bbox 1081 1713 1202 1741; x_wconf 93' lang='lat' dir='ltr'>unus</span> <span class='ocrx_word' id='word_1_162' title='bbox 1273 1708 1490 1751; x_wconf 90' lang='lat' dir='ltr'>uestrum,</span> <span class='ocrx_word' id='word_1_163' title='bbox 1570 1713 1676 1740; x_wconf 91' lang='lat' dir='ltr'>con-</span> 
     </span>
     <span class='ocr_line' id='line_1_23' title="bbox 150 1768 1677 1822; baseline -0.001 -12"><span class='ocrx_word' id='word_1_164' title='bbox 150 1768 360 1810; x_wconf 87' lang='lat' dir='ltr'>sideratis</span> <span class='ocrx_word' id='word_1_165' title='bbox 419 1768 663 1822; x_wconf 87' lang='lat' dir='ltr'>diligenter</span> <span class='ocrx_word' id='word_1_166' title='bbox 726 1782 814 1822; x_wconf 91' lang='lat' dir='ltr'>que</span> <span class='ocrx_word' id='word_1_167' title='bbox 870 1768 986 1808; x_wconf 91' lang='lat' dir='ltr'>circa</span> <span class='ocrx_word' id='word_1_168' title='bbox 1054 1768 1255 1822; x_wconf 89' lang='lat' dir='ltr'>regulam</span> <span class='ocrx_word' id='word_1_169' title='bbox 1322 1768 1571 1822; x_wconf 89' lang='lat' dir='ltr'>predictam</span> <span class='ocrx_word' id='word_1_170' title='bbox 1634 1775 1677 1808; x_wconf 92' lang='lat' dir='ltr'>et</span> 
     </span>
     <span class='ocr_line' id='line_1_24' title="bbox 150 1835 1673 1891; baseline 0 -16"><span class='ocrx_word' id='word_1_171' title='bbox 150 1835 265 1876; x_wconf 90' lang='lat' dir='ltr'>alias</span> <span class='ocrx_word' id='word_1_172' title='bbox 303 1836 347 1875; x_wconf 91' lang='lat' dir='ltr'>in</span> <span class='ocrx_word' id='word_1_173' title='bbox 384 1836 617 1889; x_wconf 88' lang='lat' dir='ltr'>premissis</span> <span class='ocrx_word' id='word_1_174' title='bbox 652 1836 819 1877; x_wconf 88' lang='lat' dir='ltr'>fuerint</span> <span class='ocrx_word' id='word_1_175' title='bbox 857 1836 1131 1876; x_wconf 88' lang='lat' dir='ltr'>attendenda</span> <span class='ocrx_word' id='word_1_176' title='bbox 1169 1849 1340 1877; x_wconf 90' lang='lat' dir='ltr'>errores</span> <span class='ocrx_word' id='word_1_177' title='bbox 1375 1844 1416 1876; x_wconf 90' lang='lat' dir='ltr'>et</span> <span class='ocrx_word' id='word_1_178' title='bbox 1456 1836 1673 1891; x_wconf 90' lang='lat' dir='ltr'>defectus,</span> 
     </span>
     <span class='ocr_line' id='line_1_25' title="bbox 150 1902 1675 1958; baseline -0.001 -15"><span class='ocrx_word' id='word_1_179' title='bbox 150 1904 187 1944; x_wconf 92' lang='lat' dir='ltr'>si</span> <span class='ocrx_word' id='word_1_180' title='bbox 214 1917 328 1958; x_wconf 91' lang='lat' dir='ltr'>quos</span> <span class='ocrx_word' id='word_1_181' title='bbox 355 1917 435 1957; x_wconf 92' lang='lat' dir='ltr'>per</span> <span class='ocrx_word' id='word_1_182' title='bbox 465 1904 800 1958; x_wconf 84' lang='lat' dir='ltr'>negligenciam</span> <span class='ocrx_word' id='word_1_183' title='bbox 828 1917 907 1946; x_wconf 91' lang='lat' dir='ltr'>seu</span> <span class='ocrx_word' id='word_1_184' title='bbox 933 1904 1246 1958; x_wconf 90' lang='lat' dir='ltr'>ignoranciam</span> <span class='ocrx_word' id='word_1_185' title='bbox 1272 1904 1315 1943; x_wconf 92' lang='lat' dir='ltr'>in</span> <span class='ocrx_word' id='word_1_186' title='bbox 1341 1903 1577 1958; x_wconf 89' lang='lat' dir='ltr'>premissis</span> <span class='ocrx_word' id='word_1_187' title='bbox 1606 1902 1675 1944; x_wconf 91' lang='lat' dir='ltr'>uel</span> 
     </span>
     <span class='ocr_line' id='line_1_26' title="bbox 149 1970 1677 2025; baseline -0.001 -13"><span class='ocrx_word' id='word_1_188' title='bbox 149 1970 267 2012; x_wconf 89' lang='lat' dir='ltr'>circa</span> <span class='ocrx_word' id='word_1_189' title='bbox 286 1983 338 2011; x_wconf 91' lang='lat' dir='ltr'>ea</span> <span class='ocrx_word' id='word_1_190' title='bbox 356 1983 435 2012; x_wconf 93' lang='lat' dir='ltr'>seu</span> <span class='ocrx_word' id='word_1_191' title='bbox 459 1970 661 2023; x_wconf 90' lang='lat' dir='ltr'>ipsorum</span> <span class='ocrx_word' id='word_1_192' title='bbox 682 1971 836 2025; x_wconf 89' lang='lat' dir='ltr'>aliqua</span> <span class='ocrx_word' id='word_1_193' title='bbox 855 1971 1125 2012; x_wconf 90' lang='lat' dir='ltr'>commissos</span> <span class='ocrx_word' id='word_1_194' title='bbox 1144 1970 1392 2024; x_wconf 89' lang='lat' dir='ltr'>repperitis,</span> <span class='ocrx_word' id='word_1_195' title='bbox 1411 1970 1677 2012; x_wconf 88' lang='lat' dir='ltr'>auctoritate</span> 
     </span>
     <span class='ocr_line' id='line_1_27' title="bbox 133 2036 1680 2091; baseline 0.001 -15"><span class='ocrx_word' id='word_1_196' title='bbox 133 2044 306 2078; x_wconf 68' lang='lat' dir='ltr'>&#39;nostra</span> <span class='ocrx_word' id='word_1_197' title='bbox 337 2037 591 2091; x_wconf 87' lang='lat' dir='ltr'>suppleatis</span> <span class='ocrx_word' id='word_1_198' title='bbox 617 2044 659 2077; x_wconf 92' lang='lat' dir='ltr'>et</span> <span class='ocrx_word' id='word_1_199' title='bbox 691 2037 965 2087; x_wconf 82' lang='lat' dir='ltr'>reformetis3</span> <span class='ocrx_word' id='word_1_200' title='bbox 995 2051 1046 2078; x_wconf 92' lang='lat' dir='ltr'>ac</span> <span class='ocrx_word' id='word_1_201' title='bbox 1075 2051 1102 2077; x_wconf 89' lang='lat' dir='ltr'>a</span> <span class='ocrx_word' id='word_1_202' title='bbox 1132 2037 1349 2078; x_wconf 91' lang='lat' dir='ltr'>fratribus</span> <span class='ocrx_word' id='word_1_203' title='bbox 1377 2045 1418 2078; x_wconf 90' lang='lat' dir='ltr'>et</span> <span class='ocrx_word' id='word_1_204' title='bbox 1445 2036 1680 2078; x_wconf 90' lang='lat' dir='ltr'>sororibus</span> 
     </span>
     <span class='ocr_line' id='line_1_28' title="bbox 151 2105 1678 2159; baseline 0 -15"><span class='ocrx_word' id='word_1_205' title='bbox 151 2105 296 2159; x_wconf 91' lang='lat' dir='ltr'>ipsius</span> <span class='ocrx_word' id='word_1_206' title='bbox 314 2106 574 2146; x_wconf 92' lang='lat' dir='ltr'>monasterii</span> <span class='ocrx_word' id='word_1_207' title='bbox 591 2106 646 2146; x_wconf 92' lang='lat' dir='ltr'>de</span> <span class='ocrx_word' id='word_1_208' title='bbox 663 2105 792 2156; x_wconf 85' lang='lat' dir='ltr'>Sion,</span> <span class='ocrx_word' id='word_1_209' title='bbox 816 2112 857 2146; x_wconf 90' lang='lat' dir='ltr'>et</span> <span class='ocrx_word' id='word_1_210' title='bbox 875 2105 978 2147; x_wconf 90' lang='lat' dir='ltr'>aliis</span> <span class='ocrx_word' id='word_1_211' title='bbox 998 2106 1147 2158; x_wconf 91' lang='lat' dir='ltr'>ipsum</span> <span class='ocrx_word' id='word_1_212' title='bbox 1170 2106 1493 2146; x_wconf 90' lang='lat' dir='ltr'>monasterium</span> <span class='ocrx_word' id='word_1_213' title='bbox 1514 2106 1678 2145; x_wconf 85' lang='lat' dir='ltr'>intrare</span> 
     </span>
     <span class='ocr_line' id='line_1_29' title="bbox 153 2170 1679 2228; baseline -0.001 -15"><span class='ocrx_word' id='word_1_214' title='bbox 153 2170 429 2224; x_wconf 89' lang='lat' dir='ltr'>uolentibus,</span> <span class='ocrx_word' id='word_1_215' title='bbox 475 2173 558 2214; x_wconf 90' lang='lat' dir='ltr'>hac</span> <span class='ocrx_word' id='word_1_216' title='bbox 598 2174 745 2228; x_wconf 90' lang='lat' dir='ltr'>prima</span> <span class='ocrx_word' id='word_1_217' title='bbox 783 2173 879 2214; x_wconf 88' lang='lat' dir='ltr'>uice</span> <span class='ocrx_word' id='word_1_218' title='bbox 916 2174 1246 2227; x_wconf 88' lang='lat' dir='ltr'>professionem</span> <span class='ocrx_word' id='word_1_219' title='bbox 1291 2174 1559 2228; x_wconf 82' lang='lat' dir='ltr'>regularem,</span> <span class='ocrx_word' id='word_1_220' title='bbox 1600 2186 1679 2226; x_wconf 90' lang='lat' dir='ltr'>per</span> 
     </span>
     <span class='ocr_line' id='line_1_30' title="bbox 153 2241 1676 2291; baseline 0 -10"><span class='ocrx_word' id='word_1_221' title='bbox 153 2241 314 2282; x_wconf 88' lang='lat' dir='ltr'>fratres</span> <span class='ocrx_word' id='word_1_222' title='bbox 339 2248 380 2281; x_wconf 93' lang='lat' dir='ltr'>et</span> <span class='ocrx_word' id='word_1_223' title='bbox 407 2255 585 2282; x_wconf 90' lang='lat' dir='ltr'>sorores</span> <span class='ocrx_word' id='word_1_224' title='bbox 612 2242 814 2283; x_wconf 90' lang='lat' dir='ltr'>eiusdem</span> <span class='ocrx_word' id='word_1_225' title='bbox 841 2242 1016 2283; x_wconf 90' lang='lat' dir='ltr'>ordinis</span> <span class='ocrx_word' id='word_1_226' title='bbox 1045 2242 1187 2282; x_wconf 89' lang='lat' dir='ltr'>emitti</span> <span class='ocrx_word' id='word_1_227' title='bbox 1213 2249 1490 2291; x_wconf 89' lang='lat' dir='ltr'>consuetam,</span> <span class='ocrx_word' id='word_1_228' title='bbox 1516 2243 1554 2283; x_wconf 91' lang='lat' dir='ltr'>si</span> <span class='ocrx_word' id='word_1_229' title='bbox 1578 2254 1676 2281; x_wconf 93' lang='lat' dir='ltr'>eam</span> 
     </span>
     <span class='ocr_line' id='line_1_31' title="bbox 154 2308 1678 2361; baseline -0.001 -12"><span class='ocrx_word' id='word_1_230' title='bbox 154 2316 316 2360; x_wconf 90' lang='lat' dir='ltr'>sponte</span> <span class='ocrx_word' id='word_1_231' title='bbox 357 2308 501 2349; x_wconf 89' lang='lat' dir='ltr'>facere</span> <span class='ocrx_word' id='word_1_232' title='bbox 542 2308 782 2359; x_wconf 88' lang='lat' dir='ltr'>uoluerint,</span> <span class='ocrx_word' id='word_1_233' title='bbox 831 2308 1085 2361; x_wconf 88' lang='lat' dir='ltr'>recipiatis:</span> <span class='ocrx_word' id='word_1_234' title='bbox 1131 2316 1172 2349; x_wconf 95' lang='lat' dir='ltr'>et</span> <span class='ocrx_word' id='word_1_235' title='bbox 1214 2322 1292 2350; x_wconf 93' lang='lat' dir='ltr'>eos</span> <span class='ocrx_word' id='word_1_236' title='bbox 1329 2308 1580 2350; x_wconf 88' lang='lat' dir='ltr'>admittatis</span> <span class='ocrx_word' id='word_1_237' title='bbox 1620 2308 1678 2348; x_wconf 91' lang='lat' dir='ltr'>ad</span> 
     </span>
     <span class='ocr_line' id='line_1_32' title="bbox 155 2376 1679 2430; baseline 0 -14"><span class='ocrx_word' id='word_1_238' title='bbox 155 2376 369 2425; x_wconf 90' lang='lat' dir='ltr'>eandem;</span> <span class='ocrx_word' id='word_1_239' title='bbox 406 2376 607 2430; x_wconf 90' lang='lat' dir='ltr'>ipsisque</span> <span class='ocrx_word' id='word_1_240' title='bbox 646 2377 863 2418; x_wconf 89' lang='lat' dir='ltr'>fratribus</span> <span class='ocrx_word' id='word_1_241' title='bbox 898 2384 939 2417; x_wconf 92' lang='lat' dir='ltr'>et</span> <span class='ocrx_word' id='word_1_242' title='bbox 977 2377 1212 2418; x_wconf 89' lang='lat' dir='ltr'>sororibus</span> <span class='ocrx_word' id='word_1_243' title='bbox 1248 2384 1296 2417; x_wconf 91' lang='lat' dir='ltr'>ut</span> <span class='ocrx_word' id='word_1_244' title='bbox 1326 2377 1604 2418; x_wconf 89' lang='lat' dir='ltr'>abbatissam</span> <span class='ocrx_word' id='word_1_245' title='bbox 1636 2383 1679 2416; x_wconf 89' lang='lat' dir='ltr'>et</span> 
     </span>
     <span class='ocr_line' id='line_1_33' title="bbox 153 2443 1678 2498; baseline -0.001 -14"><span class='ocrx_word' id='word_1_246' title='bbox 153 2443 459 2484; x_wconf 90' lang='lat' dir='ltr'>confessorem</span> <span class='ocrx_word' id='word_1_247' title='bbox 495 2444 697 2485; x_wconf 90' lang='lat' dir='ltr'>eiusdem</span> <span class='ocrx_word' id='word_1_248' title='bbox 736 2444 997 2485; x_wconf 89' lang='lat' dir='ltr'>monasterii</span> <span class='ocrx_word' id='word_1_249' title='bbox 1035 2457 1120 2498; x_wconf 90' lang='lat' dir='ltr'>pro</span> <span class='ocrx_word' id='word_1_250' title='bbox 1154 2452 1356 2497; x_wconf 91' lang='lat' dir='ltr'>tempore</span> <span class='ocrx_word' id='word_1_251' title='bbox 1396 2444 1476 2484; x_wconf 92' lang='lat' dir='ltr'>rite</span> <span class='ocrx_word' id='word_1_252' title='bbox 1512 2443 1678 2497; x_wconf 92' lang='lat' dir='ltr'>eligere</span> 
     </span>
     <span class='ocr_line' id='line_1_34' title="bbox 154 2510 1400 2564; baseline 0 -13"><span class='ocrx_word' id='word_1_253' title='bbox 154 2511 332 2564; x_wconf 91' lang='lat' dir='ltr'>possint</span> <span class='ocrx_word' id='word_1_254' title='bbox 360 2517 402 2550; x_wconf 88' lang='lat' dir='ltr'>et</span> <span class='ocrx_word' id='word_1_255' title='bbox 427 2511 622 2561; x_wconf 88' lang='lat' dir='ltr'>ualeant,</span> <span class='ocrx_word' id='word_1_256' title='bbox 655 2511 810 2551; x_wconf 92' lang='lat' dir='ltr'>eadem</span> <span class='ocrx_word' id='word_1_257' title='bbox 836 2510 1100 2551; x_wconf 90' lang='lat' dir='ltr'>auctoritate</span> <span class='ocrx_word' id='word_1_258' title='bbox 1127 2510 1400 2552; x_wconf 88' lang='lat' dir='ltr'>concedatis.</span> 
     </span>
    </p>

    <p class='ocr_par' dir='ltr' id='par_1_4' title="bbox 154 2577 1678 2836">
     <span class='ocr_line' id='line_1_35' title="bbox 214 2577 1678 2630; baseline -0.002 -12"><span class='ocrx_word' id='word_1_259' title='bbox 214 2578 311 2619; x_wconf 90' lang='lat' dir='ltr'>Nos</span> <span class='ocrx_word' id='word_1_260' title='bbox 332 2578 518 2630; x_wconf 91' lang='lat' dir='ltr'>insuper</span> <span class='ocrx_word' id='word_1_261' title='bbox 538 2578 672 2619; x_wconf 91' lang='lat' dir='ltr'>uobis</span> <span class='ocrx_word' id='word_1_262' title='bbox 689 2592 767 2619; x_wconf 93' lang='lat' dir='ltr'>seu</span> <span class='ocrx_word' id='word_1_263' title='bbox 788 2578 974 2620; x_wconf 91' lang='lat' dir='ltr'>cuilibet</span> <span class='ocrx_word' id='word_1_264' title='bbox 996 2585 1195 2619; x_wconf 87' lang='lat' dir='ltr'>uestrum</span> <span class='ocrx_word' id='word_1_265' title='bbox 1217 2579 1333 2619; x_wconf 91' lang='lat' dir='ltr'>circa</span> <span class='ocrx_word' id='word_1_266' title='bbox 1352 2578 1505 2619; x_wconf 89' lang='lat' dir='ltr'>omnia</span> <span class='ocrx_word' id='word_1_267' title='bbox 1526 2586 1567 2618; x_wconf 88' lang='lat' dir='ltr'>et</span> <span class='ocrx_word' id='word_1_268' title='bbox 1588 2577 1678 2618; x_wconf 91' lang='lat' dir='ltr'>sin-</span> 
     </span>
     <span class='ocr_line' id='line_1_36' title="bbox 156 2645 1675 2702; baseline -0.003 -15"><span class='ocrx_word' id='word_1_269' title='bbox 156 2647 265 2702; x_wconf 90' lang='lat' dir='ltr'>gula</span> <span class='ocrx_word' id='word_1_270' title='bbox 287 2646 522 2700; x_wconf 88' lang='lat' dir='ltr'>premissa,</span> <span class='ocrx_word' id='word_1_271' title='bbox 548 2653 589 2686; x_wconf 92' lang='lat' dir='ltr'>et</span> <span class='ocrx_word' id='word_1_272' title='bbox 608 2659 876 2700; x_wconf 88' lang='lat' dir='ltr'>quecunque</span> <span class='ocrx_word' id='word_1_273' title='bbox 894 2646 982 2686; x_wconf 92' lang='lat' dir='ltr'>alia</span> <span class='ocrx_word' id='word_1_274' title='bbox 1005 2660 1091 2700; x_wconf 93' lang='lat' dir='ltr'>que</span> <span class='ocrx_word' id='word_1_275' title='bbox 1113 2646 1229 2688; x_wconf 89' lang='lat' dir='ltr'>circa</span> <span class='ocrx_word' id='word_1_276' title='bbox 1249 2653 1432 2697; x_wconf 88' lang='lat' dir='ltr'>statum,</span> <span class='ocrx_word' id='word_1_277' title='bbox 1457 2645 1675 2700; x_wconf 88' lang='lat' dir='ltr'>regimen,</span> 
     </span>
     <span class='ocr_line' id='line_1_37' title="bbox 155 2713 1678 2769; baseline -0.003 -13"><span class='ocrx_word' id='word_1_278' title='bbox 155 2722 198 2756; x_wconf 92' lang='lat' dir='ltr'>et</span> <span class='ocrx_word' id='word_1_279' title='bbox 219 2714 619 2769; x_wconf 84' lang='lat' dir='ltr'>gubernacionem,</span> <span class='ocrx_word' id='word_1_280' title='bbox 648 2721 739 2754; x_wconf 90' lang='lat' dir='ltr'>tam</span> <span class='ocrx_word' id='word_1_281' title='bbox 760 2714 868 2755; x_wconf 93' lang='lat' dir='ltr'>dicti</span> <span class='ocrx_word' id='word_1_282' title='bbox 893 2714 948 2755; x_wconf 92' lang='lat' dir='ltr'>de</span> <span class='ocrx_word' id='word_1_283' title='bbox 972 2713 1085 2755; x_wconf 84' lang='lat' dir='ltr'>Sion</span> <span class='ocrx_word' id='word_1_284' title='bbox 1113 2728 1248 2768; x_wconf 91' lang='lat' dir='ltr'>quam</span> <span class='ocrx_word' id='word_1_285' title='bbox 1272 2713 1612 2754; x_wconf 90' lang='lat' dir='ltr'>fundandorum</span> <span class='ocrx_word' id='word_1_286' title='bbox 1636 2720 1678 2752; x_wconf 92' lang='lat' dir='ltr'>et</span> 
     </span>
     <span class='ocr_line' id='line_1_38' title="bbox 154 2780 1678 2836; baseline -0.003 -13"><span class='ocrx_word' id='word_1_287' title='bbox 154 2781 476 2836; x_wconf 89' lang='lat' dir='ltr'>erigendorum</span> <span class='ocrx_word' id='word_1_288' title='bbox 528 2781 903 2822; x_wconf 88' lang='lat' dir='ltr'>monasteriorum</span> <span class='ocrx_word' id='word_1_289' title='bbox 957 2789 998 2821; x_wconf 89' lang='lat' dir='ltr'>et</span> <span class='ocrx_word' id='word_1_290' title='bbox 1052 2782 1253 2822; x_wconf 88' lang='lat' dir='ltr'>locorum</span> <span class='ocrx_word' id='word_1_291' title='bbox 1307 2780 1583 2828; x_wconf 91' lang='lat' dir='ltr'>huiusmodi,</span> <span class='ocrx_word' id='word_1_292' title='bbox 1636 2787 1678 2820; x_wconf 87' lang='lat' dir='ltr'>et</span> 
     </span>
    </p>
   </div>
  </div>
 </body>
</html>
