1881 2985
567 171 676 206 GOD
684 170 722 206 ’S
764 169 1005 207 PERFECT
1046 169 1228 206 LOVER
1596 171 1660 215 165

134 299 292 327 sumus
314 291 394 339 pro
419 286 577 327 diebus
601 287 765 341 quibus
785 300 868 327 nos
893 285 1143 326 humiliasti
1157 301 1170 325 .·
1204 285 1336 326 annis
1359 285 1524 339 quibus
1542 286 1657 327 uidi-

130 365 235 392 mus
251 352 408 392 mala}
460 352 605 406 Igitur
624 352 903 406 paupertatis
919 364 1038 392 onus
1056 365 1158 392 cum
1181 351 1354 406 gaudio
1370 352 1654 404 amplectere,

133 420 336 474 aliasque
358 421 564 461 miserias
586 421 775 461 libenter
796 421 1018 461 sustinere
1041 427 1280 467 memento,
1306 426 1353 460 ut
1377 432 1456 473 per
1479 420 1657 473 pacien-

132 486 247 526 ciam
298 486 649 529 tribulacionum
698 487 756 528 ad
804 486 997 541 gloriam
1049 492 1198 526 eterne
1246 485 1373 539 pacis
1420 485 1657 539 peruenire

132 565 361 594 merearls.

801 666 908 708 CAP.
941 667 984 709 8.

128 749 285 804 (Quod
340 750 568 803 perfectus
621 751 705 791 Dei
760 758 934 791 amator
990 749 1164 790 mauult
1222 762 1436 804 magnam
1491 762 1655 803 penam

242 817 468 859 incurrere
491 833 627 873 quam
647 819 785 861 semel
810 819 959 859 Deum
982 832 1061 872 per
1083 824 1316 872 peccatum
1337 817 1588 867 offendere3
1614 824 1655 858 et

239 899 319 926 cur
344 886 470 927 Deus
497 901 597 928 cum
626 887 780 940 impiis
803 886 946 928 iustos
967 885 1168 940 affligit.)

185 971 254 1012 Ex
298 985 470 1025 magno
512 971 682 1012 amoris
729 971 972 1012 incendio2
1009 978 1163 1013 tantus
1209 970 1389 1012 uirtutis
1432 971 1566 1011 decor
1608 969 1653 1010 in
1676 967 1699 1000 f.
1719 967 1783 1002 ‘27b

128 1041 282 1081 animo
318 1040 487 1088 crescit,
522 1040 645 1094 quod
681 1040 826 1081 iustus
860 1039 1019 1093 pocius
1053 1039 1239 1093 eligeret
1272 1051 1453 1079 omnem
1488 1047 1653 1090 penam

130 1108 354 1148 incurrere
389 1121 525 1161 quam
564 1107 713 1148 Deum
749 1106 888 1147 semel
923 1105 1164 1153 offendere,
1200 1105 1341 1145 eciam
1374 1116 1652 1158 quamquam

128 1174 259 1214 sciret
279 1174 401 1228 quod
421 1181 574 1228 posset
594 1187 674 1228 per
692 1173 994 1227 penitenciam
1015 1185 1246 1226 resurgere
1266 1178 1307 1212 et
1328 1178 1485 1225 postea
1504 1169 1655 1223 magis

130 1241 231 1281 Deo
264 1241 440 1295 placere
474 1248 515 1281 et
551 1241 748 1281 sanctior
782 1253 903 1289 esse3
948 1240 1053 1293 quia
1085 1239 1274 1293 quilibet
1308 1238 1534 1292 perfectus
1567 1237 1652 1277 hoc

128 1308 353 1362 intelligit,
383 1308 505 1362 quod
532 1307 644 1347 nihil
671 1314 736 1347 est
761 1306 860 1347 Deo
885 1306 1033 1347 carius
1058 1304 1335 1352 innocencia,
1358 1302 1471 1343 nihil
1496 1313 1652 1353 accep*-

126 1375 311 1417 tabilius
343 1375 576 1416 uoluntate
606 1375 741 1415 bona.
806 1373 855 1414 Si
887 1373 1007 1413 enim
1046 1379 1160 1413 recte
1194 1383 1450 1412 amaremus
1488 1369 1651 1415 Deum,

127 1443 393 1484 deberemus
423 1442 572 1496 magis
603 1441 717 1482 uelle
747 1453 968 1494 magnum
1000 1439 1224 1493 premium
1256 1439 1301 1478 in
1329 1437 1428 1479 celo
1448 1437 1652 1477 amittere

126 1523 263 1564 quam
285 1509 443 1550 saltem
469 1507 687 1550 uenaliter
707 1520 903 1561 peccare,
929 1506 1035 1561 quia
1059 1505 1359 1547 iustissimum
1386 1512 1451 1545 est
1477 1503 1651 1545 iusticie

126 1577 376 1618 mercedem
415 1589 505 1616 non
546 1575 782 1629 requirere,
814 1574 893 1615 sed
924 1573 1176 1614 amiciciam
1214 1573 1298 1613 Dei
1330 1585 1417 1627 que
1451 1579 1518 1612 est
1554 1571 1651 1624 ipse

126 1644 267 1686 Deus.
354 1643 522 1684 Melius
564 1649 630 1683 est
672 1655 784 1696 ergo
824 1654 1003 1694 semper
1042 1646 1316 1681 tormentum
1361 1639 1467 1693 pati,
1512 1651 1649 1693 quam

122 1710 261 1752 semel
291 1724 316 1751 a
347 1710 524 1751 iusticia
557 1709 614 1749 ad
650 1708 933 1763 iniquitatem
968 1714 1131 1760 sponte
1166 1707 1327 1748 deduci
1364 1714 1404 1747 et
1439 1707 1647 1748 scienter.

124 1777 242 1819 Cum
282 1784 431 1818 tamen
473 1776 712 1817 manifeste
755 1781 929 1816 constet
972 1774 1094 1828 quod
1142 1774 1219 1828 qui
1279 1773 1514 1815 Christum
1556 1779 1647 1813 tarn

123 1844 332 1884 ardenter
366 1843 568 1897 diligunt
611 1842 734 1897 quod
771 1842 897 1882 nullo
935 1841 1073 1882 modo
1114 1853 1297 1894 peccare
1335 1839 1510 1890 uolunt,
1555 1851 1644 1878 non

121 1913 269 1956 solum
298 1926 324 1952 a
354 1912 487 1967 penis
514 1912 641 1952 liberi
672 1918 803 1952 erunt
832 1910 911 1951 sed
942 1917 984 1950 et
1012 1924 1116 1952 cum
1147 1908 1326 1963 angelis
1357 1906 1648 1948 eternitaliter

121 1980 403 2034 gaudebunt.
471 1978 540 2018 Illi
579 1992 687 2020 uero
723 1978 800 2033 qui
832 1977 1060 2018 sceleratis
1089 1976 1267 2017 actibus
1295 1975 1575 2016 famulantur
1605 1980 1646 2014 et

121 2046 343 2101 gaudium
375 2045 671 2087 immundiale
706 2045 976 2099 carnaleque
1009 2044 1228 2086 solacium
1266 2044 1389 2085 uelut
1423 2054 1645 2097 magnum

121 2121 163 2154 et
191 2113 387 2154 amabile
416 2113 639 2160 estimant,
670 2126 812 2168 eaque
842 2111 1094 2152 inherendo
1121 2110 1344 2159 affectant,
1372 2110 1576 2165 profecto
1603 2116 1646 2150 et

120 2180 293 2222 bonum
349 2180 471 2234 quod
524 2180 724 2234 diligunt
772 2179 1000 2227 amittunt,
1053 2185 1094 2218 et
1146 2178 1316 2220 malum
1374 2178 1497 2232 quod
1554 2190 1644 2218 non

120 2253 354 2300 precarent
386 2246 637 2290 incurrunt.
1279 2280 1281 2283 Α

178 2312 269 2353 Sed
306 2313 432 2367 queri
469 2313 582 2354 solet
616 2327 643 2354 a
682 2313 971 2368 quibusdam,
1011 2325 1149 2366 quare
1186 2311 1477 2365 omnipotens
1519 2309 1645 2350 Deus

120 2380 256 2422 simul
284 2393 385 2422 cum
410 2380 564 2433 impiis
584 2381 725 2421 eciam
746 2381 889 2422 iustos
913 2379 1125 2434 flagellet.
1192 2378 1336 2420 Uides
1361 2377 1483 2432 quod
1508 2375 1644 2417 simul

118 2454 226 2488 sunt
247 2448 332 2489 sub
355 2446 537 2500 flagello
558 2460 753 2501 granum
775 2454 817 2487 et
839 2446 981 2501 palea,
1001 2446 1081 2487 sed
1101 2446 1145 2485 in
1171 2445 1470 2487 uentilacione
1495 2442 1647 2497 palea3

120 2514 278 2555 eicitur
310 2521 351 2554 et
384 2527 527 2568 grana
556 2513 799 2568 diligenter
830 2514 887 2554 ad
920 2526 1053 2554 usum
1084 2512 1323 2554 hominum
1349 2511 1641 2565 colliguntur.
1664 2512 1687 2546 f.
1705 2514 1747 2545 28

172 2628 204 2700 ὲ.
230 2625 575 2709 ghislwghegzsstelffand
597 2667 660 2701 the
674 2670 818 2710 greater
838 2670 921 2710 part,
936 2667 972 2700 of
988 2668 1051 2700 the
1066 2670 1156 2701 next,
1171 2678 1232 2701 are
1248 2667 1399 2711 missing
1413 2668 1451 2700 in
1467 2667 1530 2700 the
1546 2665 1647 2699 short

114 2715 224 2745 texts.
273 2713 303 2743 3.
330 2710 383 2744 Cf.
401 2711 486 2743 Luc.
506 2712 537 2750 3,
559 2710 608 2745 17.
