1881 2985
237 178 300 214 162
610 179 880 217 HERETICS
922 180 1037 214 AND
1076 180 1189 217 THE
1227 180 1396 215 FAITH

232 296 463 338 desideras
488 303 535 338 ut
555 297 618 339 sis
642 297 782 344 Deus,
805 297 928 352 quod
952 310 1043 338 non
1069 296 1195 338 decet
1215 297 1311 346 tibi,
1333 299 1448 340 bene
1470 298 1576 340 scis.
1626 298 1767 341 Solus

236 362 364 405 Deus
390 363 592 417 seipsum
622 364 705 405 scit
733 364 803 405 uel
831 364 944 405 scire
972 370 1133 417 potest.
1197 364 1301 405 Non
1330 372 1396 406 est
1423 372 1574 407 autem
1603 366 1764 420 impot-

232 430 358 471 encie
385 430 470 471 Dei
492 430 614 486 quod
640 430 842 484 seipsum
865 437 907 470 te
929 430 1089 471 docere
1116 443 1207 471 non
1233 438 1382 485 potest
1403 432 1519 474 sicut
1544 433 1589 473 in
1612 447 1660 474 se
1684 439 1764 482 est,

232 497 311 538 sed
347 497 444 539 eius
482 497 799 539 inestimabilis
835 496 1195 551 magnificencie,
1234 498 1341 552 quia
1376 498 1480 540 talis
1512 499 1632 540 alius
1666 511 1765 539 esse

234 577 324 604 non
363 571 511 618 potest
549 564 697 618 qualis
731 565 828 617 ipse
861 571 942 605 est.
1036 563 1087 606 Si
1121 578 1230 606 uero
1266 565 1398 619 plene
1436 566 1540 607 sciri
1573 572 1756 620 posset:

234 630 709 684 incomprehensibilis
734 644 825 672 non
849 638 981 672 esset.
1046 631 1225 673 Sufficit
1252 645 1364 686 ergo
1388 632 1470 674 tibi
1499 640 1546 675 ut
1571 646 1766 688 cognos-

233 710 309 737 cas
331 697 453 751 quod
480 697 606 739 Deus
628 705 706 747 est,
731 706 772 738 et
793 698 938 739 oberit
958 698 1039 739 tibi
1064 699 1102 740 si
1125 699 1239 740 scire
1260 699 1374 741 uelis
1397 701 1507 754 quid
1530 701 1658 743 Deus
1679 707 1763 743 est.

290 762 542 805 Laudabile
571 765 630 805 ita
656 771 734 816 est,
768 765 917 807 Deum
944 765 1151 819 perfecte,
1181 766 1350 808 scilicet
1378 768 1765 822 incomprehensi-

235 830 371 871 bilem
392 844 503 879 esse,
530 844 828 884 cognoscere3
850 832 1190 885 cognoscendo,
1211 847 1387 884 amare;
1408 835 1622 887 amando,
1650 834 1766 876 iubi-

234 899 324 939 lare
352 900 397 939 in
431 913 508 949 eo;
546 899 796 948 iubilando,
827 900 871 940 in
905 901 1008 954 ipso
1042 901 1344 955 requiescere3
1378 908 1421 942 et
1454 915 1534 956 per
1568 902 1765 957 quietem

233 965 455 1006 internam
478 966 536 1007 ad
562 967 762 1022 requiem
788 968 1024 1021 peruenire
1049 968 1390 1022 sempiternam.
1454 968 1559 1010 Non
1585 976 1765 1010 moueat

126 1038 151 1071 f.
171 1040 213 1072 26
233 1041 274 1075 te
298 1034 421 1089 quod
446 1034 540 1075 dixi
571 1034 720 1075 Deum
748 1034 944 1088 perfecte
968 1048 1258 1089 cognoscere,
1285 1042 1326 1076 et
1354 1036 1522 1090 negaui
1548 1043 1590 1076 te
1616 1036 1765 1076 Deum

232 1113 367 1154 posse
398 1101 523 1149 scire,
557 1114 660 1143 cum
695 1109 846 1142 tamen
881 1102 1119 1156 psalmista
1152 1103 1301 1144 dicat:
1338 1103 1563 1145 Pretende
1592 1102 1766 1144 miseri-

234 1167 434 1209 cordiam
466 1174 591 1210 tuam
627 1169 876 1211 scientibus
908 1170 985 1210 tal
1061 1169 1153 1211 Sed
1189 1170 1253 1212 sic
1286 1170 1418 1211 istam
1452 1171 1765 1211 auctoritatem

230 1235 433 1290 intellige
456 1236 493 1277 si
517 1249 607 1276 non
632 1236 703 1277 uis
726 1250 887 1287 errare,
916 1236 1216 1279 “Scientibus
1238 1236 1315 1278 te‘'
1338 1252 1348 1277 z
1381 1237 1551 1279 scilicet
1575 1236 1665 1279 hiis
1687 1237 1765 1292 qui

230 1304 380 1345 sciunt
408 1311 449 1345 te
475 1304 624 1346 Deum
650 1305 913 1357 amandum,
943 1306 1239 1354 laudandum,
1264 1305 1565 1353 adorandum,
1593 1304 1766 1360 glorifi-

231 1371 441 1419 candum,
455 1372 604 1413 solum
628 1373 835 1414 omnium
861 1386 1008 1414 rerum
1023 1372 1334 1422 Conditorem,
1348 1386 1485 1426 super
1504 1373 1672 1420 omnia,
1686 1384 1767 1425 per

229 1439 398 1487 omnia,
415 1446 456 1479 et
478 1440 524 1479 in
544 1440 773 1488 omnibus,
788 1440 864 1494 qui
884 1447 950 1481 est
967 1441 1234 1482 benedictus
1256 1441 1300 1481 in
1322 1440 1473 1482 secula
1493 1439 1763 1482 seculorum.

230 1507 395 1547 Arnen.

906 1598 1016 1640 CAP.
1053 1609 1092 1651 7.

234 1689 390 1744 (Quod
412 1689 457 1729 in
480 1689 652 1730 diuinis
676 1702 766 1730 non
791 1688 1011 1730 debemus
1035 1688 1183 1729 dicere
1207 1694 1296 1729 tres
1325 1687 1554 1730 Dominos
1579 1687 1651 1729 uel
1676 1694 1766 1728 tres

346 1756 585 1804 essencias,
612 1757 728 1798 sicut
756 1756 953 1797 dicimus
976 1762 1066 1796 tres
1094 1768 1338 1808 personas;
1383 1761 1424 1795 et
1453 1754 1576 1809 quod
1603 1766 1764 1796 secun-

347 1824 456 1865 dum
503 1824 801 1878 quantitatem
844 1823 1014 1864 amoris
1059 1823 1223 1864 dicitur
1265 1822 1405 1863 homo
1448 1834 1648 1876 magnus
1692 1819 1765 1861 uel

347 1892 554 1945 paruus.)

291 1981 341 2023 Si
367 1982 469 2022 ideo
489 1980 677 2036 quidam
701 1987 903 2022 errantes
925 1979 1092 2022 uellent
1113 1979 1259 2020 dicere
1282 1985 1372 2020 tres
1392 1977 1632 2026 essencias,
1658 1976 1765 2032 quia

233 2051 391 2092 dicunt
429 2056 518 2090 tres
556 2061 806 2103 personas:
852 2061 931 2089 cur
968 2046 1109 2087 eciam
1150 2058 1240 2086 non
1272 2045 1471 2085 dicerent
1503 2050 1592 2085 tres
1627 2042 1764 2089 Deos,

229 2131 333 2159 cum
356 2117 474 2158 idem
497 2116 554 2157 sit
578 2115 691 2166 Deo,
719 2115 868 2155 Deum
888 2127 1001 2164 esse,
1026 2121 1066 2154 et
1088 2112 1337 2154 essenciam
1361 2111 1493 2152 esse?
1557 2110 1768 2151 Dicimus

230 2192 381 2226 autem
403 2200 412 2225 ε
444 2184 577 2224 Pater
594 2191 659 2224 est
682 2183 824 2234 Deus,
849 2182 995 2223 Filius
1011 2188 1076 2222 est
1099 2181 1239 2230 Deus,
1263 2179 1465 2233 Spiritus
1484 2177 1682 2219 Sanctus
1700 2182 1767 2216 est

237 2254 377 2295 Deus.
456 2253 676 2295 Similiter
719 2252 853 2292 Pater
894 2258 959 2291 est
1000 2249 1215 2295 essencia‚
1260 2248 1404 2288 Filius
1443 2253 1510 2287 est
1549 2243 1764 2291 essencia‚

236 2321 436 2374 Spiritus
461 2319 659 2361 Sanctus
687 2326 753 2360 est
780 2318 1013 2360 essencia:
1045 2323 1087 2357 et
1113 2323 1263 2356 tamen
1292 2328 1382 2355 non
1412 2321 1504 2355 tres
1531 2313 1657 2354 Deos
1683 2324 1765 2351 nec

234 2396 323 2430 tres
345 2388 573 2429 essencias
596 2387 804 2434 dicimus,
829 2385 909 2427 sed
938 2398 1080 2427 unum
1110 2383 1260 2424 Deum
1288 2389 1378 2422 tres
1406 2393 1625 2435 personas
1653 2390 1764 2426 esse,

233 2455 462 2509 uniusque
495 2454 695 2495 essencie
733 2452 862 2493 firma
901 2451 989 2492 fide
1021 2449 1312 2499 confitemur3
1354 2448 1460 2503 quia
1494 2455 1535 2489 et
1572 2460 1663 2488 una
1699 2452 1767 2486 est

235 2524 447 2565 maiestas
484 2522 620 2564 trium
659 2534 957 2575 personarum
992 2520 1126 2574 plena
1163 2525 1204 2558 et
1242 2517 1451 2572 perfecta,
1487 2523 1531 2556 et
1566 2514 1765 2570 quelibet

232 2604 428 2645 persona
470 2590 514 2630 in
563 2603 610 2630 se
655 2589 837 2642 plenam
881 2586 1081 2628 continet
1125 2584 1430 2634 maiestatem3
1473 2581 1763 2636 equalitatem

236 2661 421 2715 quidem
448 2666 489 2700 et
516 2658 843 2712 idemptitatem
872 2656 1045 2697 habens
1070 2653 1322 2696 secundum
1350 2649 1530 2693 deitatis
1553 2647 1765 2690 substan-

296 2751 321 2782 l.
347 2748 482 2780 Psalm.
503 2749 555 2787 35,
577 2749 626 2778 11.
