1881 2985
533 218 788 255 ENTERED
830 220 972 255 UPON
1013 220 1124 258 THE
1166 223 1291 257 WAY
1611 238 1677 271 229

152 330 275 385 quod
307 331 352 371 in
377 332 535 374 diuina
561 334 807 377 dileccione
833 337 1053 385 senciunt,
1084 338 1182 379 sine
1213 339 1538 393 impedimento
1566 357 1672 384 con—

152 404 345 438 currant.
410 399 501 441 Pro
539 400 723 442 Christo
760 403 852 456 pati
892 403 956 444 eis
989 404 1168 445 uidetur
1205 405 1537 459 dulcissimum,
1581 422 1671 449 non

150 464 334 505 durum.
430 465 550 520 Quia
603 468 679 522 qui
734 470 929 510 martiris
980 470 1216 511 uictoriam
1272 472 1412 526 digne
1466 472 1672 513 uenerari

150 531 389 582 desiderat,
428 534 591 575 mentis
623 535 918 577 deuocionem
950 537 1130 579 uirtutis
1160 538 1417 579 imitacione
1444 539 1670 593 perficiat3

150 604 298 638 teneat
350 600 536 641 martirii
589 615 770 643 causam
823 603 904 644 etsi
959 617 1048 644 non
1100 604 1260 645 subeat
1308 619 1472 659 penam
1525 614 1672 647 seruet

150 665 443 718 pacienciam,
468 667 512 707 in
537 682 627 723 qua
650 677 951 724 consequetur
974 671 1209 712 uictoriam
1232 672 1432 727 plenam.

207 729 377 772 Anima
408 741 559 774 autem
592 734 853 789 relinquens
883 736 1126 779 stulticiam
1162 739 1305 793 iniqui
1342 740 1511 782 amoris
1548 741 1669 781 uiam

146 804 240 838 arte
276 799 367 840 uite
398 800 663 855 ingreditur,
700 803 744 842 in
782 817 870 858 qua
905 804 1023 844 arra1
1059 805 1316 848 dulcedinis
1349 820 1544 861 superne
1579 808 1670 849 uite

148 865 311 917 raptim
347 866 627 920 degustatur,
664 882 800 923 quam
837 870 1186 912 consolatoriam
1238 873 1458 920 senciens,
1511 875 1570 914 ita
1621 881 1669 915 ut

145 940 325 983 superet
350 946 532 974 omnem
562 936 867 977 transitoriam
898 937 1262 990 delectacionem,
1292 940 1506 982 dilectum
1539 949 1668 997 rogat

145 1004 193 1038 ut
219 999 399 1040 solitam
429 1001 792 1043 consolacionem
822 1004 989 1044 tribuat
1020 1005 1197 1059 iugiter,
1229 1014 1270 1047 et
1302 1007 1591 1048 inuisibiliter
1619 1020 1666 1048 se

145 1064 312 1106 reficiat
358 1074 399 1107 et
448 1068 648 1122 graciam
697 1071 1038 1123 perseuerancie
1087 1072 1315 1124 infundat,
1368 1087 1424 1115 ne
1473 1074 1668 1116 diuersis

142 1132 373 1174 erroribus
404 1133 594 1188 fatigata
626 1135 818 1176 deficiat.
883 1136 933 1178 Si
962 1151 1070 1179 uero
1101 1139 1282 1180 iuuenis
1312 1140 1497 1193 incipiat
1530 1142 1665 1182 bene-

144 1197 302 1250 facere,
351 1212 530 1254 semper
570 1202 740 1255 cogitet
786 1215 1086 1255 perseuerare,
1135 1218 1225 1246 non
1273 1212 1447 1259 torpeat
1494 1220 1665 1261 necque

142 1278 359 1323 unquam
381 1281 408 1307 a
440 1268 563 1309 bono
600 1270 835 1322 proposito
870 1271 1069 1319 desistat,
1106 1272 1185 1313 sed
1221 1286 1401 1326 semper
1437 1274 1482 1314 in
1516 1281 1665 1314 mente

142 1333 347 1387 proficiat
374 1342 421 1375 ut
443 1349 470 1376 a
494 1337 657 1377 minori
678 1338 736 1378 ad
763 1339 912 1379 maius
935 1340 1164 1380 ascendat.
1231 1340 1411 1382 Reicito
1437 1341 1662 1395 siquidem

139 1403 303 1444 erroris
335 1403 664 1446 obumbraculo
695 1413 736 1446 et
770 1406 1020 1448 illicebrose
1052 1407 1143 1448 uite
1174 1415 1397 1448 uenenata
1425 1408 1664 1449 dulcedine

140 1469 350 1522 despecta
374 1478 415 1510 et
439 1471 589 1519 eiecta,
612 1479 755 1512 artam
779 1473 900 1513 uiam
922 1474 1159 1527 arripiens,
1186 1475 1273 1515 iam
1293 1475 1503 1517 sublimis
1524 1476 1663 1517 deuo-

138 1536 286 1577 cionis
315 1538 585 1579 suauitatem
619 1539 921 1592 amplectitur.
986 1540 1123 1582 Unde
1149 1548 1191 1582 et
1221 1543 1349 1596 quasi
1380 1556 1459 1596 per
1491 1542 1662 1598 gradus

141 1602 306 1644 infusis
347 1604 483 1645 donis
524 1604 724 1658 Spiritus
768 1605 924 1648 Sancti
968 1607 1025 1648 ad
1063 1608 1219 1649 diuine
1257 1609 1662 1662 contemplacionis

137 1669 452 1711 celsitudinem
474 1672 690 1720 ascendit,
715 1673 760 1712 in
783 1687 873 1728 qua
896 1674 1036 1714 eterni
1058 1675 1230 1716 amoris
1249 1675 1409 1716 ardore
1434 1674 1662 1729 requietus

139 1749 192 1778 ac
213 1736 474 1788 delectatus,
501 1740 713 1791 supernis
736 1740 914 1782 deliciis
936 1748 983 1780 ut
1000 1741 1269 1783 mortalibus
1288 1742 1357 1783 fas
1381 1749 1447 1784 est
1472 1740 1664 1796 affluit]

140 1805 315 1847 Dilecta
349 1806 567 1861 denique2
600 1807 754 1848 anima
789 1809 929 1850 uariis
963 1810 1389 1863 perturbacionibus
1422 1811 1584 1861 obsita,
1619 1817 1660 1851 et

135 1879 233 1914 estu
267 1875 623 1927 temptacionum
657 1874 835 1926 afflicta,
870 1889 961 1916 non
996 1883 1144 1930 potest
1173 1877 1339 1918 sentire
1371 1877 1658 1918 dulcedinem

134 1940 305 1981 amoris
333 1948 467 1994 prout
496 1941 541 1981 in
571 1955 619 1983 se
642 1949 732 1992 est3
760 1943 982 1997 gaudium
1009 1952 1160 1984 tamen
1189 1944 1360 1986 amoris
1388 1952 1585 1998 experta,
1616 1952 1658 1985 et

135 2005 285 2046 stabili
336 2020 469 2048 cursu
523 2015 673 2049 amato
725 2022 811 2051 suo
862 2010 1099 2058 adherens,
1154 2012 1365 2066 quamuis
1420 2013 1495 2052 illa
1544 2012 1658 2054 mira

133 2071 373 2113 dulcedine
411 2087 562 2115 carere
599 2083 765 2128 posset,
805 2084 933 2117 tanto
969 2077 1193 2120 desiderio
1229 2079 1463 2121 Christum
1504 2080 1657 2134 diligit

135 2139 257 2192 quod
282 2152 367 2192 pro
389 2139 489 2181 solo
508 2140 606 2182 eius
626 2155 777 2183 amore
801 2152 1124 2197 perseueraret.
1188 2144 1279 2187 Sed
1306 2160 1442 2201 quam
1468 2147 1654 2187 laudan-

133 2204 242 2245 dum
290 2213 356 2246 est
402 2207 677 2249 adiutorium
726 2210 823 2251 eius
872 2210 1198 2265 gratissimum,
1249 2213 1294 2252 in
1344 2227 1435 2267 quo
1480 2220 1656 2254 amator

133 2271 399 2313 uerissimus
461 2282 672 2326 expertus
735 2283 814 2324 est,
879 2277 1001 2331 quod
1061 2286 1318 2333 gementem
1376 2281 1649 2331 consolatur,

129 2337 384 2378 desolatum
411 2339 679 2393 indulcorat‚
706 2344 1018 2397 perturbatum
1042 2346 1317 2400 tranquillat,
1341 2355 1383 2388 et
1402 2361 1482 2401 per
1502 2347 1651 2388 turba-

127 2403 281 2445 ciones
297 2405 568 2458 dissipando
584 2408 804 2450 deuastat.
870 2410 1039 2452 Anima
1057 2426 1083 2452 a
1102 2412 1232 2454 uiciis
1252 2413 1390 2455 seculi
1411 2420 1651 2468 segregata
1672 2418 1697 2450 f.
1717 2420 1759 2451 45

129 2477 171 2510 et
206 2484 232 2510 a
268 2472 526 2514 carnalibus
558 2474 795 2518 desideriis
828 2477 1037 2528 alienata,
1091 2492 1118 2519 a
1168 2480 1364 2533 peccatis
1408 2488 1645 2535 purgatur.

187 2595 214 2624 1.
245 2593 295 2634 (lc)
333 2594 512 2626 “arram.'’
549 2596 657 2628 “arra
672 2597 822 2639 ''=sing.
861 2599 898 2630 of
934 2600 1122 2639 “arrhae‚’'
1153 2603 1330 2634 “munera
1358 2603 1393 2634 in
1429 2603 1649 2644 sponsalibus

121 2635 198 2668 dari
216 2636 322 2668 solita,
337 2637 354 2650 '²
394 2638 604 2681 (Ducange).
697 2641 756 2682 (f),
778 2642 805 2672 f.
830 2644 882 2682 84,
901 2642 1031 2674 defines
1053 2644 1070 2656 “
1087 2645 1195 2675 arra⁷’
1213 2658 1220 2676 :
1246 2647 1263 2660 “
1279 2656 1360 2678 arra,
1378 2646 1509 2678 dicitur
1528 2649 1535 2661 ‘
1547 2657 1567 2678 a
1585 2647 1647 2686 re,’

120 2689 183 2720 pro
207 2690 275 2721 qua
299 2680 404 2712 datur
427 2691 506 2712 arra
521 2682 538 2694 ''
563 2682 633 2723 (see
651 2693 683 2723 p.
713 2685 757 2725 7).
826 2684 894 2716 For
918 2685 979 2717 the
1003 2696 1063 2717 use
1085 2686 1123 2718 of
1147 2687 1208 2719 the
1232 2689 1434 2730 expression
1459 2691 1505 2722 cf.
1537 2690 1646 2732 Hugh

118 2724 156 2755 of
179 2723 212 2755 S.
234 2723 386 2756 Vicbor’s
408 2724 459 2756 De
481 2725 585 2758 arrha
604 2727 750 2768 animae,
774 2728 912 2760 Patrol.
932 2728 1012 2762 Lat.
1030 2729 1162 2770 clxxvi,
1182 2732 1256 2765 955.

183 2769 212 2797 2.
243 2766 292 2809 (h)
317 2767 521 2808 “quidem.’'
