1881 2985
544 186 715 221 POMPS
758 186 871 219 AND
912 184 1275 220 PROCESSIONS
1609 194 1671 228 171

148 301 197 343 Si
223 308 373 343 autern
407 314 454 341 se
485 301 726 356 diligenter
752 299 1020 347 considerat,
1049 305 1090 339 et
1122 298 1270 353 qualis
1299 299 1356 339 sit
1389 299 1433 338 in
1466 299 1669 352 cognita-

146 368 354 410 cionibus
387 375 428 408 et
456 368 632 409 actibus
664 380 912 422 agnoscere
945 373 1082 414 curat,
1114 366 1206 407 cito
1238 379 1285 406 se
1319 364 1483 419 poterit
1512 365 1670 417 depre-

148 435 356 486 hendere,
384 442 425 475 et
456 442 604 476 utrum
638 435 769 476 laude
798 434 868 476 uel
900 433 1126 486 uituperio
1158 432 1331 486 dignus
1358 432 1415 473 sit
1448 431 1670 472 inuenire.

147 501 265 543 Cum
306 515 418 556 ergo
459 515 506 543 se
547 503 592 542 in
634 502 788 543 multis
833 501 984 542 uideat
1025 499 1299 553 culpabilem
1341 506 1381 539 et
1425 498 1469 538 in
1514 497 1671 551 paucis

147 569 441 616 laudandum,
478 583 567 609 non
609 569 826 609 honorem
868 568 938 609 uel
980 567 1182 607 fauorem
1220 579 1312 620 quo
1347 565 1567 620 indignus
1606 571 1672 605 est

146 650 249 678 cum
273 636 420 677 leticia
441 643 703 683 assumeret,
732 635 819 676 nisi
848 641 996 675 mente
1025 634 1215 674 insanus
1240 639 1420 673 erraret.
1485 630 1535 672 Si
1566 643 1674 673 uero

147 704 349 757 seipsum
391 703 680 744 uehementer
713 702 1007 743 considerans
1047 700 1209 754 reperit
1249 713 1296 740 se
1335 700 1380 740 in
1420 699 1597 740 feruore
1630 703 1673 737 et

145 769 368 810 suauitate
395 769 542 810 diuini
568 769 738 810 amoris
762 767 1122 809 inestimabiliter
1152 766 1434 817 incalescere,
1465 772 1602 818 atque
1629 763 1674 803 in

145 838 549 891 contemplatiuam
600 837 739 879 uitam
789 836 1037 877 eminenter
1087 835 1219 881 exire,
1274 834 1318 873 in
1365 832 1449 874 hac
1492 844 1674 887 quoque

148 905 314 959 iugiter
333 912 463 953 stare,
487 912 528 945 et
550 904 636 946 hoc
659 904 799 944 eciam
824 903 976 943 recolit
998 902 1068 943 uel
1094 915 1184 942 non
1209 901 1492 942 commisisse
1513 899 1674 955 grauia

149 972 233 1020 uel,
260 973 298 1013 si
327 985 417 1027 qua
443 971 757 1019 commisisset,
785 984 862 1024 per
883 970 1202 1024 penitencnam
1229 982 1381 1010 ueram
1409 968 1549 1010 credit
1577 979 1674 1008 esse
1696 977 1720 1009 f.
1740 976 1803 1010 31b

148 1039 324 1080 deleta:
377 1039 582 1093 profecto
627 1051 717 1078 non
759 1044 935 1091 oportet
985 1036 1135 1089 ipsum
1182 1035 1332 1076 dolere
1376 1047 1460 1088 pro
1503 1034 1675 1074 honore

149 1107 388 1148 hominum
417 1106 523 1161 quia
550 1106 766 1146 maiorem
799 1105 974 1152 meruit,
1006 1104 1176 1145 scilicet
1200 1103 1485 1144 consorcium
1516 1100 1676 1155 angel-

147 1188 291 1216 orum.
352 1174 522 1214 Taliter
544 1186 652 1215 uero
671 1173 913 1227 quisquam
937 1171 1188 1224 dispositus
1214 1184 1304 1211 non
1329 1170 1435 1224 plus
1457 1169 1675 1225 gauderet

148 1242 302 1283 sedere
331 1254 434 1283 cum
464 1254 568 1295 rege
600 1253 737 1294 quam
770 1253 871 1281 cum
899 1252 1111 1293 paupere,
1143 1238 1251 1292 quia
1282 1251 1372 1278 non
1406 1236 1587 1290 respicit
1616 1234 1676 1275 ad

149 1309 342 1351 diuicias
382 1316 423 1349 et
466 1308 713 1362 dignitates
756 1307 976 1356 omnium,
1022 1306 1101 1346 sed
1146 1305 1205 1346 ad
1250 1305 1389 1347 uitam
1434 1311 1476 1345 et
1517 1302 1676 1344 merita

150 1376 455 1431 singulorum.
548 1374 675 1415 Nihil
736 1387 956 1428 magnum
1017 1372 1260 1413 arbitratur
1318 1371 1494 1425 fulgere
1554 1383 1678 1418 auro,

152 1443 420 1485 circumdari
453 1443 648 1484 exercitu
683 1442 840 1489 multo,
874 1440 1114 1495 procedere
1145 1441 1190 1480 in
1225 1453 1441 1493 purpura,
1476 1438 1602 1479 letari
1632 1438 1678 1478 in

153 1511 329 1558 infula,l
377 1510 517 1550 immo
558 1516 759 1550 sanctam
806 1516 848 1549 et
892 1521 1080 1549 suauem
1127 1506 1457 1548 conscienciam
1503 1503 1680 1548 cunctis

149 1578 364 1632 operibus
398 1585 440 1618 et
473 1577 647 1618 deliciis
680 1574 936 1630 proponit]
1152 1566 1154 1569 ’

810 1755 918 1797 CAP.
958 1768 1021 1797 1o.

194 1848 351 1903 (Quod
373 1854 547 1888 amator
576 1846 661 1887 Dei
690 1845 927 1892 mundum,
956 1844 1127 1886 tedium
1154 1851 1196 1885 et
1221 1843 1371 1885 ocium
1399 1842 1569 1896 respuit
1595 1848 1637 1882 et

629 1919 684 1960 de
716 1918 917 1973 ipocritis
945 1926 987 1958 et
1015 1917 1204 1970 auaris.)

210 2027 389 2068 Dicitur
418 2026 462 2065 in
495 2024 682 2066 canticis
711 2024 842 2065 fortis
866 2030 932 2064 est
960 2030 1008 2062 ut
1039 2036 1161 2063 mors
1184 2021 1387 2072 dileccio,
1421 2023 1534 2063 dura
1565 2022 1681 2063 sicut

155 2096 360 2138 infernus
395 2093 657 2135 emulacio.2
717 2093 846 2134 Mors
885 2091 1006 2132 enim
1047 2091 1180 2132 uiuos
1220 2089 1441 2136 interficit,
1475 2087 1681 2128 infernus

156 2176 264 2205 uero
289 2176 369 2204 nec
399 2162 590 2203 mortuis
616 2159 796 2214 parcit.3
859 2159 937 2201 Sic
966 2158 1150 2213 quidem
1179 2170 1306 2197 amor
1335 2156 1421 2196 Dei
1448 2154 1680 2195 hominem

156 2243 290 2285 quem
334 2229 527 2283 perfecte
570 2229 686 2282 rapit
728 2241 818 2268 non
863 2226 1011 2268 solum
1055 2225 1112 2265 ab
1151 2238 1304 2265 amore
1347 2223 1483 2264 huius
1520 2221 1680 2263 mundi

155 2297 364 2340 funditus
397 2296 573 2348 occidit,
608 2295 688 2337 sed
723 2295 865 2336 eciam
898 2293 1097 2334 occisum
1131 2292 1305 2333 mundo
1337 2298 1379 2332 et
1415 2289 1680 2332 unificatum

156 2365 253 2407 celo
295 2364 354 2405 ad
398 2363 717 2404 sustinendum
763 2375 847 2415 pro
889 2361 989 2400 Deo
1026 2359 1348 2400 tribulaciones
1393 2364 1435 2397 et
1476 2354 1683 2397 miserias

156 2438 388 2486 presentes
418 2444 508 2471 non
539 2429 767 2471 modicum
792 2427 1009 2469 accendit.
1072 2425 1296 2480 Quisquis
1323 2438 1434 2479 ergo
1459 2437 1508 2464 es
1535 2422 1613 2477 qui
1639 2429 1682 2462 te

158 2499 393 2541 Christum
431 2510 583 2537 amare
622 2503 758 2550 putas
798 2495 855 2536 ad
899 2494 984 2534 hoc
1024 2493 1261 2534 attendas:
1309 2492 1416 2546 quia
1456 2490 1494 2531 si
1530 2487 1683 2529 adhue

212 2617 240 2649 1.
270 2615 387 2648 mitre.
449 2616 480 2646 2.
510 2613 608 2647 Cant.
628 2616 658 2653 8,
678 2615 709 2646 6.
757 2612 812 2646 Cf.
848 2611 953 2654 Lyric
985 2610 1030 2650 X,
1061 2610 1260 2643 Horstman
1287 2610 1310 2648 i,
1340 2610 1391 2643 77.
1443 2607 1547 2639 “For
1568 2605 1623 2638 luf
1649 2617 1686 2638 es

151 2658 343 2693 stalworth
359 2669 399 2691 as
420 2657 483 2690 the
499 2657 600 2695 dede,
618 2656 673 2688 lus
688 2667 726 2689 es
742 2655 830 2688 hard
847 2666 887 2687 as
914 2653 1022 2686 hell.”
1068 2655 1096 2686 3.
1122 2653 1166 2685 cf.
1194 2652 1228 2684 F
1226 2664 1302 2685 orm
1323 2651 1367 2693 of
1380 2650 1520 2692 Perfect
1538 2649 1683 2691 Livinq,

157 2703 358 2736 Horstman
374 2701 399 2740 i,
425 2702 477 2734 40.
528 2700 631 2732 “For
646 2699 701 2731 luf
731 2710 768 2731 es
798 2697 970 2731 stalward
1000 2707 1040 2729 as
1060 2696 1124 2729 the
1150 2695 1250 2734 dede,
1287 2695 1370 2728 that
1393 2694 1487 2726 slaas
1509 2692 1545 2725 al
1571 2692 1687 2725 lisand

156 2746 276 2789 thyng
302 2745 340 2777 in
366 2743 448 2777 erth
464 2756 472 2782 ;
488 2743 563 2776 und
586 2742 676 2775 hard
698 2742 752 2775 als
765 2741 848 2780 hell,
865 2741 947 2774 that
963 2750 1084 2782 spares
1100 2739 1214 2782 noght
1230 2738 1273 2771 til
1289 2738 1391 2771 tham
1409 2737 1493 2770 that
1508 2747 1547 2769 er
1561 2735 1687 2769 dede.⁷’
