1881 2985
185 153 407 190 DESPISE
436 154 547 191 THE
577 154 848 197 EARTHLY,
880 154 1078 191 DESIRE
1107 154 1219 191 THE
1248 155 1549 193 HEAVENLY
1600 168 1664 201 223

142 281 335 322 quorum
362 282 438 309 cor
465 269 509 309 in
538 270 691 324 ignem
720 283 1003 317 conuersum,
1032 269 1094 309 nil
1122 276 1347 311 terrenum
1375 271 1662 325 amplectitur

141 335 219 376 sed
260 348 438 388 semper
477 350 672 389 superne
714 344 947 390 penetrare
987 342 1192 376 conatur.
1264 335 1443 388 [Porro
1486 339 1563 391 qui
1603 339 1660 379 ad

141 403 425 445 sanctitatem
443 404 457 427 1
477 406 757 452 ordinantur,
793 405 837 445 in
873 404 1010 445 inicio
1038 417 1119 445 sue
1143 404 1469 453 conuersionis,
1503 406 1663 446 timore

144 471 229 511 Dei
259 472 425 512 scelera
452 486 503 513 ac
532 472 689 513 mundi
733 471 948 512 uanitatis
990 470 1264 525 relinquunt,
1307 471 1471 512 deinde
1513 471 1663 512 stricte

142 538 395 591 penitencie
423 552 601 579 carnem
630 538 873 586 subi-ciunt,
906 545 1064 592 postea
1096 538 1279 592 quidem
1307 551 1460 578 amore
1492 537 1663 579 Christi

140 605 356 646 omnibus
385 606 634 659 proposito,
670 606 899 660 quandam
924 605 1274 646 delectacionem
1304 604 1482 646 celestis
1511 604 1664 645 suaui-

142 672 245 712 tatis
267 679 516 726 gustantes,
547 673 591 713 in
620 673 869 714 deuocione
897 673 1062 714 mentis
1086 672 1376 713 uehementer
1402 672 1660 726 proficiunt.

144 738 281 779 Unde
306 739 361 780 de
386 740 530 794 gradu
560 740 604 780 in
632 740 825 795 gradum
848 739 1156 788 ascendentes,
1183 738 1498 792 spiritualibus
1526 738 1664 779 uirtu-

142 805 264 846 tibus
288 805 462 854 florent,
487 807 641 861 sicque
670 807 823 861 gracia
852 807 937 847 Dei
960 807 1170 854 decorati,
1199 805 1381 847 tandem
1407 806 1465 846 ad
1494 804 1664 859 perfec-

144 873 319 913 cionem
374 874 647 926 perueniunt
702 888 788 928 que
836 875 880 914 in
936 874 1084 925 corde,
1139 873 1386 924 locucione,
1441 880 1482 912 et
1530 884 1666 924 opere

140 939 393 992 consistit]
456 941 604 995 Quem
637 955 744 982 11610
779 955 907 982 amor
944 940 1115 981 Christi
1152 940 1347 995 perfecte
1381 938 1666 981 absorbuerit

143 1009 200 1049 ad
236 1008 321 1050 ista
350 1008 569 1049 exteriora
603 1007 847 1061 capienda2
872 1017 1089 1063 tanquam
1124 1014 1352 1048 mortuum
1403 1005 1533 1054 facit3
1580 1016 1666 1059 que

145 1089 325 1116 sursum
351 1082 456 1116 sunt
485 1075 615 1128 sapit,
647 1089 733 1129 que
761 1089 941 1116 sursum
970 1082 1076 1116 sunt
1105 1075 1264 1129 querit,
1298 1087 1387 1114 non
1417 1087 1504 1128 que
1531 1085 1667 1126 super

145 1149 323 1182 terram.
389 1141 522 1184 Mens
552 1143 767 1183 nimirum
798 1142 974 1184 celestis
1005 1142 1133 1196 regni
1160 1141 1387 1182 desiderio
1411 1141 1663 1194 suspirans,

147 1209 190 1249 in
229 1223 382 1250 amore
417 1209 575 1262 sponsi
606 1210 775 1258 crescit,
813 1217 855 1250 et
888 1210 943 1250 de
980 1209 1127 1250 leticia
1164 1209 1316 1249 infusa
1352 1207 1572 1262 gaudens,
1610 1205 1666 1246 ab

144 1277 347 1330 appetitu
370 1290 515 1317 rerum
536 1284 813 1317 terrenarum
835 1290 881 1317 se
902 1276 1037 1324 exuit,
1057 1290 1109 1317 ac
1126 1276 1221 1316 ueri
1239 1275 1409 1316 amoris
1426 1272 1673 1327 languoress
1690 1283 1713 1316 f.
1731 1283 1794 1316 4lb

148 1344 327 1397 repleta,
362 1343 419 1383 ad
456 1343 706 1384 uidendum
745 1343 893 1383 Deum
945 1343 989 1383 in
1040 1343 1199 1383 decore
1248 1355 1332 1384 suo
1381 1350 1472 1383 tota
1519 1347 1668 1382 mente

148 1410 362 1460 intendit3
405 1410 525 1451 unde
558 1410 741 1450 flamma
779 1410 947 1450 amoris
1000 1409 1125 1450 illius
1173 1422 1375 1455 accensa,
1424 1408 1523 1450 solo
1571 1407 1670 1449 eius

146 1477 372 1517 desiderio
410 1476 607 1527 anhelat,
653 1484 694 1517 et
735 1483 882 1533 preter
922 1477 1046 1517 eum4
1088 1476 1201 1517 nihil
1238 1483 1304 1517 est
1345 1476 1467 1530 quod
1508 1475 1667 1530 querit.

149 1544 271 1584 Dum
299 1544 419 1584 enim
447 1544 595 1586 fidelis
621 1544 773 1585 anima
801 1544 944 1585 solam
972 1543 1131 1597 sponsi
1156 1543 1436 1598 presenciam
1460 1542 1670 1583 ardenter

144 1611 438 1664 concupiscit,
498 1611 554 1652 ab
620 1611 744 1651 omni
809 1611 996 1651 lasciuia
1054 1610 1204 1651 inanis
1268 1609 1412 1665 glorie
1476 1608 1670 1663 perfecte

149 1678 413 1733 refrigescit.
480 1678 617 1719 Unde
652 1686 693 1719 et
725 1691 877 1718 amore
913 1677 1115 1731 languet,
1155 1677 1262 1731 quia
1298 1683 1459 1718 cuncta
1495 1684 1669 1717 terrena

147 1758 231 1798 pro
264 1744 410 1785 nihilo
448 1752 652 1798 reputat:
695 1758 797 1786 cum
836 1745 901 1786 sic
939 1744 996 1784 ad
1035 1751 1187 1784 eterna
1225 1744 1396 1799 gaudia
1432 1744 1670 1798 suspirans

149 1811 345 1853 festinat.

207 1878 298 1933 Qui
324 1892 519 1933 namque
544 1879 588 1918 in
611 1892 764 1919 amore
789 1878 958 1920 Christi
983 1891 1031 1919 se
1055 1878 1257 1925 delectat,
1283 1884 1324 1918 et
1345 1877 1444 1918 eius
1466 1874 1670 1918 consola-

142 1946 319 1986 cionem
344 1945 651 1986 indesinenter
677 1945 841 1986 habere
869 1945 1093 1986 desiderat
1122 1958 1212 1985 non
1241 1944 1389 1986 solum
1419 1944 1670 1984 humanum

212 2032 239 2061 l.
261 2029 335 2060 The
358 2028 455 2060 short
475 2029 669 2070 texts=(9)
699 2028 748 2069 (h)
778 2029 817 2070 (ι’)
846 2029 888 2070 (j)
919 2029 978 2071 (m)
1010 2028 1055 2070 (o)
1085 2031 1133 2071 (p)
1165 2028 1207 2069 (s)
1238 2028 1279 2069 (t)
1310 2027 1359 2068 (u)
1391 2026 1455 2067 (y).
1505 2025 1552 2058 Of
1571 2024 1670 2056 these

147 2072 196 2113 (h)
235 2071 272 2113 (i)
311 2072 352 2114 (j)
384 2072 430 2113 (ο)
464 2072 505 2114 (5)
544 2072 586 2112 (t)
623 2072 671 2115 (u)
705 2072 754 2113 (y)
790 2072 902 2103 have:
940 2073 1159 2112 “penetrare
1188 2073 1345 2102 conatur.
1396 2070 1505 2101 Porro
1538 2068 1597 2109 qui
1627 2067 1672 2100 ad

142 2115 379 2155 sanctitatem,
409 2117 473 2146 etc.
523 2115 630 2153 Quem
659 2115 750 2147 enim
777 2126 872 2147 amor
902 2115 1036 2147 Christi
1052 2114 1125 2155 ''——,
1155 2114 1314 2155 showing
1342 2112 1476 2154 plainly
1504 2112 1585 2144 that
1611 2111 1673 2143 the

143 2159 242 2192 short
266 2161 345 2190 text
371 2159 400 2191 is
425 2170 468 2190 an
495 2158 728 2199 abridgment.
777 2158 853 2190 The
874 2159 974 2189 other
1000 2158 1097 2189 short
1124 2159 1222 2189 texts
1245 2157 1331 2189 omit
1352 2157 1415 2188 the
1442 2155 1574 2191 “etc.,”
1603 2154 1673 2186 and

150 2203 197 2243 (9)
225 2202 294 2233 and
318 2203 366 2242 (u)
393 2201 539 2244 slightly
564 2202 653 2234 alter
674 2201 735 2233 the
758 2204 841 2233 text·
862 2204 899 2233 to
924 2212 1027 2233 cover
1050 2201 1113 2232 the
1136 2200 1265 2239 break3
1296 2201 1344 2242 (9)
1374 2201 1392 2213 “
1407 2210 1483 2240 ——p.
1511 2200 1668 2230 conatur.

144 2246 253 2277 Porro
277 2246 335 2286 qui
358 2256 453 2277 amor
475 2245 609 2277 Christi
628 2244 786 2286 perfecte
806 2244 1103 2284 absorbuerit,—'’
1131 2244 1180 2286 (u)
1208 2245 1316 2285 “-—p.
1343 2244 1501 2284 conatur,
1526 2241 1671 2275 scilicet,

145 2299 246 2330 quem
287 2299 382 2320 amor
424 2288 558 2319 Christi
599 2288 756 2328 perfecte
798 2287 1098 2319 absorbuerit.’'—
1156 2286 1233 2319 The
1271 2286 1385 2318 scribe
1426 2285 1463 2317 of
1509 2286 1557 2328 (9)
1602 2295 1672 2315 was

142 2331 326 2372 evidently
354 2331 527 2372 scholarly
557 2331 625 2373 (his
646 2331 888 2363 emendations
911 2330 1016 2373 being
1046 2331 1223 2371 frequent,
1254 2329 1323 2361 and
1351 2329 1468 2360 better
1496 2329 1582 2360 than
1611 2327 1672 2359 the

145 2376 253 2415 text),
267 2374 336 2406 and
352 2375 395 2406 he
409 2374 580 2416 similarly
594 2374 777 2406 concealed
794 2374 853 2405 the
869 2374 970 2405 other
990 2373 1129 2414 breaks,
1152 2373 1268 2405 where
1289 2372 1411 2414 nearly
1430 2371 1475 2403 all
1495 2371 1556 2403 the
1576 2370 1675 2403 short

140 2421 239 2452 texts
250 2418 341 2451 have
353 2418 455 2451 “ete.’
479 2418 541 2457 (1.6.
557 2429 579 2460 p
595 2420 656 2450 221
672 2418 886 2457 diademate,
898 2420 979 2457 etc.;
992 2428 1022 2459 p.
1035 2418 1099 2449 223
1109 2417 1355 2455 sanctitatem,
1369 2418 1449 2455 etc.;
1462 2426 1492 2457 p.
1508 2417 1572 2446 224
1582 2413 1677 2456 fugit

141 2465 206 2495 etc.
220 2475 227 2500 ;
245 2473 275 2504 p.
287 2463 351 2494 230
361 2460 462 2500 bibit,
475 2463 565 2501 616).
601 2461 716 2494 These
726 2472 787 2494 are
798 2461 860 2493 the
870 2461 955 2503 only
971 2469 1134 2500 passages
1150 2459 1265 2490 where
1278 2459 1338 2490 the
1350 2458 1446 2491 short
1462 2460 1559 2489 texts
1568 2456 1674 2488 break

147 2505 194 2536 off
216 2505 251 2536 in
272 2504 331 2537 the
348 2503 484 2535 middle
501 2504 538 2535 of
560 2503 622 2535 the
644 2506 817 2544 sentence,
840 2503 942 2543 using
965 2504 982 2516 ‘⁶
996 2503 1108 2540 etc.'’;
1133 2502 1197 2533 but
1218 2502 1318 2535 there
1341 2512 1400 2533 are
1421 2501 1540 2533 others
1560 2499 1674 2531 where

147 2548 233 2590 they
263 2547 367 2587 begin
398 2558 418 2578 a
448 2557 525 2578 new
556 2546 753 2588 paragraph
783 2546 871 2578 with
905 2545 1061 2584 “Item,”
1090 2545 1205 2576 where
1238 2545 1298 2576 the
1330 2544 1412 2585 long
1444 2546 1534 2583 text,
1569 2542 1674 2582 being

148 2591 367 2631 continuous,
398 2590 459 2622 has
488 2601 533 2621 no
562 2590 646 2621 such
676 2589 783 2621 word.
817 2589 886 2630 (1.6.
916 2599 988 2629 cap.
1023 2590 1074 2628 19,
1105 2598 1138 2628 p.
1162 2590 1227 2621 200
1267 2588 1358 2619 Item
1391 2588 1472 2618 dum
1502 2585 1672 2622 terrenis3

173 2660 179 2666 .
206 2636 267 2667 201
301 2635 392 2665 Item
418 2633 557 2674 quando
582 2643 698 2671 amor;
727 2643 760 2673 p.
790 2634 856 2665 203
891 2632 982 2663 Item
1011 2631 1126 2671 angeli
1153 2631 1325 2667 offerunt;
1354 2641 1428 2671 cap.
1461 2631 1512 2669 20,
1542 2640 1575 2670 p.
1613 2631 1677 2662 203

148 2646 238 2711 Item
266 2687 328 2718 per
353 2676 574 2713 continuam3
601 2686 676 2716 cap.
707 2678 758 2716 34,
782 2686 815 2715 p.
840 2677 906 2708 243
930 2675 1021 2705 Item
1048 2674 1245 2714 dulcescis).

208 2722 238 2751 2.
265 2722 312 2763 (9)
343 2719 580 2761 “cupienda'’
626 2721 655 2752 3.
688 2719 731 2760 (s)
763 2719 813 2760 (k)
843 2717 1048 2758 “langore.”
1096 2720 1127 2749 4.
1156 2717 1197 2758 (j)
1225 2715 1464 2758 uncorrected,
1492 2714 1672 2757 “ipsum.'·‘
