1881 2985
209 182 275 226 158
577 182 803 219 RATHER
838 182 984 219 LOVE
1017 181 1172 216 THAN
1207 182 1375 217 KNOW

200 300 440 341 desideriis
471 301 651 355 cogitur
681 297 968 342 consentire.l
1047 299 1231 354 [Igitur
1264 298 1350 341 hoc
1379 299 1529 340 audeo
1556 311 1737 340 annun—

202 367 322 407 ciare
351 368 568 409 omnibus
601 368 903 409 existentibus
932 367 977 407 in
1014 366 1100 408 hoc
1130 366 1279 414 exilio,
1315 366 1437 421 quod
1471 365 1621 408 cuncti
1659 364 1736 420 qui

205 447 297 474 non
319 435 540 476 amabunt
562 436 808 477 Auctorem
833 434 1153 476 uniuersorum
1177 434 1223 473 in
1244 433 1454 475 tenebras
1475 432 1738 473 intermina-

203 501 318 542 biles
358 501 588 550 eicientur,
629 509 671 543 et
704 502 827 556 ignis
868 501 1106 543 infernalis
1144 501 1406 542 incendium
1447 500 1649 542 sencient
1691 499 1737 539 in

203 575 423 617 eternum,
465 569 541 624 qui
581 569 655 610 hic
694 582 848 609 amore
889 568 1213 621 Redemptoris
1255 567 1436 609 incendi
1476 568 1735 608 noluerunt.

205 635 624 691 Sequestrabuntur
661 636 801 676 eciam
835 650 861 676 a
898 635 1136 677 consorcio
1166 635 1434 676 canencium
1472 635 1517 675 in
1554 634 1738 677 caritate

206 703 435 744 Creatoris
468 711 509 744 et
542 704 791 758 gemebunt
824 703 990 757 iugiter
1022 703 1148 743 eiecti
1175 717 1202 743 a
1236 702 1511 744 iocunditate
1545 701 1738 743 iubilan-

202 771 324 812 cium
358 771 403 811 in
443 771 642 822 Ihesum‚
674 778 877 812 carentes
913 770 1113 811 claritate
1145 777 1187 810 et
1222 769 1369 825 gloria
1404 777 1738 815 coronatorum,

205 838 312 892 quia
341 838 596 879 maluerunt
622 851 701 891 per
729 838 960 879 modicum
987 838 1206 891 temporis
1234 838 1399 878 morari
1429 838 1473 878 in
1505 837 1739 879 mundana

202 905 401 946 mollicia
425 919 562 959 quam
586 905 890 959 penitenciam
914 905 1008 959 pati
1034 912 1075 945 et
1097 917 1348 959 pressuras,
1377 912 1424 945 ut
1448 912 1632 957 peccata
1657 916 1740 946 sua

204 981 512 1028 purgarentur
546 981 587 1014 et
618 974 908 1027 peruenirent
945 974 1067 1027 pleni
1099 974 1265 1027 pietate
1301 986 1452 1015 coram
1488 979 1739 1026 protectore

205 1042 448 1082 bonorum.
513 1041 793 1082 Letabantur
822 1041 994 1095 quippe
1022 1041 1066 1080 in
1097 1041 1270 1082 lubrica
1295 1048 1335 1081 et
1365 1040 1453 1080 lata
1479 1041 1553 1082 uia
1581 1040 1626 1080 in
1656 1039 1740 1080 hac

201 1108 319 1148 ualle
349 1108 637 1149 lacrimarum
663 1108 741 1149 ubi
772 1122 863 1149 non
893 1117 958 1149 est
988 1108 1116 1149 locus
1140 1108 1285 1149 leticie
1312 1108 1392 1149 sed
1418 1107 1667 1158 laboribus,
1697 1114 1738 1147 et

203 1177 306 1218 ideo
338 1177 561 1231 lugebunt
599 1177 644 1217 in
680 1177 917 1218 tormentis
952 1177 1050 1218 sine
1084 1177 1410 1232 relaxacione]
1472 1176 1737 1217 Peccatores

206 1244 430 1299 lugebunt
463 1245 648 1298 quando
678 1258 902 1298 pauperes
934 1245 1238 1299 portabuntur
1266 1245 1324 1285 ad
1356 1257 1514 1298 pacem
1546 1244 1740 1300 perhen-

205 1325 307 1353 nem
331 1319 373 1353 et
400 1312 746 1353 delectabuntur
772 1313 817 1352 in
839 1312 1014 1353 deliciis
1040 1312 1221 1353 deitatis
1247 1311 1537 1360 uiuificantis,
1566 1309 1738 1352 Christi

207 1379 385 1421 uultum
423 1380 639 1421 ueraciter
672 1379 891 1427 uidentes,
928 1379 1005 1434 qui
1044 1380 1222 1421 uenusti
1258 1388 1385 1420 erant
1417 1379 1663 1421 uirtutibus
1698 1384 1741 1419 et

203 1447 249 1488 in
285 1446 462 1487 feruore
495 1447 721 1500 spirituali
753 1447 940 1488 feliciter
969 1447 1218 1487 floruerunt
1254 1447 1468 1501 quamuis
1502 1460 1604 1488 cum
1638 1444 1741 1489 sub·

205 1516 391 1557 limibus
415 1515 552 1557 huius
570 1516 709 1557 seculi
736 1529 1025 1570 nequaquam
1047 1516 1365 1569 sumpserunt‘2
1399 1515 1633 1562 solacium,
1660 1526 1741 1555 nec

208 1583 322 1624 inter
347 1584 576 1636 sapientes
607 1584 793 1624 insanos
822 1584 1163 1625 seminauerunt
1193 1583 1469 1636 superbiam,
1495 1582 1575 1623 sed
1605 1581 1740 1623 susti-

208 1659 403 1692 nuerunt
440 1651 678 1705 angariam
716 1651 773 1692 ab
813 1651 996 1705 iniquis,
1031 1658 1072 1690 et
1110 1650 1439 1704 temptaciones
1472 1649 1740 1690 extermina-

205 1725 369 1759 uerunt
402 1732 428 1758 a
469 1718 635 1759 throno
671 1718 912 1760 Trinitatis
950 1726 997 1759 ut
1039 1719 1084 1758 in
1122 1718 1430 1772 tranquilitate
1465 1723 1740 1758 tenerentur.

209 1786 384 1829 Uerum
409 1794 450 1827 et
470 1795 807 1828 euacuauerunt
831 1794 1100 1828 uetustatem
1125 1787 1214 1828 uite
1240 1799 1480 1834 uenenose‚
1502 1785 1743 1827 laudantes

208 1855 397 1908 limpide
448 1868 499 1896 ac
555 1855 854 1896 libentissime
905 1856 1102 1908 speciem
1158 1854 1455 1907 spiritualem,
1511 1861 1554 1893 et
1608 1852 1743 1893 ludos

208 1921 405 1963 leuitatis
433 1922 568 1976 (quos
592 1922 806 1963 iuuenilis
834 1929 928 1963 etas
951 1928 1167 1975 acceptat,
1198 1928 1239 1961 et
1268 1921 1494 1962 seculares
1521 1919 1739 1961 insensati

208 1989 425 2043 sapiunt,)
453 1990 776 2043 reprobacione
808 2003 962 2030 reuera
988 1989 1159 2043 dignos
1187 1988 1461 2036 iudicabant,
1487 1988 1742 2045 cogitantes

207 2071 311 2098 cum
366 2057 715 2098 continuacione
767 2070 948 2098 carmen
1003 2056 1290 2098 caritatiuum
1347 2056 1391 2096 in
1444 2055 1741 2097 Conditorem

205 2124 471 2165 ascendens.

267 2191 577 2246 Quamobrem
639 2205 827 2245 capaces
882 2191 1041 2246 gaudii
1098 2191 1281 2238 amoris,
1334 2198 1375 2232 et
1433 2191 1742 2244 concipientes

208 2259 403 2300 calorem
438 2259 514 2313 qui
553 2272 644 2299 non
681 2266 829 2312 potest
868 2258 1088 2306 consumi,
1122 2266 1397 2300 concurrunt
1432 2259 1476 2298 in
1514 2259 1741 2301 canticum

210 2327 318 2368 clari
359 2333 620 2376 concentus,
664 2333 705 2366 et
744 2327 947 2367 armonie
987 2338 1206 2373 amorose,
1245 2333 1380 2380 atque
1416 2326 1460 2366 in
1500 2326 1743 2367 amenitate

268 2401 296 2431 1.
324 2398 400 2430 The
416 2408 566 2441 passage
582 2398 619 2429 in
638 2397 805 2430 brackets
822 2398 851 2429 is
868 2397 930 2430 the
948 2397 1025 2429 first
1041 2397 1078 2429 of
1094 2397 1196 2429 those
1213 2398 1367 2430 omitted
1384 2399 1419 2430 in
1438 2398 1500 2432 the
1523 2400 1620 2432 short
1644 2404 1744 2434 texts.

209 2443 256 2485 (j)
272 2442 381 2474 omits
398 2442 438 2481 it,
465 2441 532 2473 but
556 2441 653 2473 John
683 2441 838 2473 Newton
864 2441 929 2473 has
954 2440 1070 2473 added
1096 2441 1126 2472 it
1139 2440 1176 2472 in
1194 2440 1256 2473 the
1273 2442 1426 2482 margin.
1476 2446 1526 2483 (α)
1544 2443 1565 2476 s.
1587 2444 1655 2484 le,
1682 2444 1747 2477 has

209 2486 324 2518 mark*
339 2485 360 2517 d
391 2485 465 2517 this
493 2495 645 2527 passage
670 2484 718 2527 by
734 2495 756 2516 a
773 2484 845 2517 line
861 2485 1006 2526 against
1022 2484 1053 2516 it
1069 2483 1106 2515 in
1119 2484 1182 2516 the
1199 2485 1350 2525 margin,
1369 2486 1439 2518 and
1458 2486 1521 2519 the
1538 2498 1746 2530 monogram

209 2529 334 2562 J.G.S.
366 2528 438 2570 (see
454 2539 487 2571 p.
508 2530 551 2567 3).
624 2527 710 2559 This
728 2528 803 2560 MS.
825 2528 886 2560 isa
903 2528 987 2569 long
1003 2530 1097 2565 text,
1116 2527 1186 2559 and
1213 2527 1276 2560 the
1305 2529 1407 2561 mark
1434 2530 1550 2562 shows
1577 2530 1661 2563 that
1685 2531 1747 2564 the

208 2575 407 2605 annotator
434 2572 539 2604 knew
567 2570 651 2603 that
678 2570 741 2602 the
769 2581 920 2613 passage
942 2581 1016 2603 was
1043 2570 1173 2603 absent
1200 2571 1236 2602 in
1266 2582 1363 2604 some
1391 2576 1503 2606 texts.
1550 2574 1583 2605 A
1609 2574 1748 2606 similar

208 2616 390 2658 lnarking‚
420 2615 487 2647 but
521 2614 677 2646 without
716 2614 777 2646 the
812 2625 1032 2656 monogram,
1066 2624 1189 2646 occurs
1227 2614 1263 2646 in
1302 2626 1375 2657 cap.
1402 2618 1451 2655 11,
1478 2628 1507 2659 p.
1529 2618 1600 2656 175,
1619 2624 1660 2650 at
1683 2617 1746 2650 the

209 2659 398 2702 [passage]
416 2662 436 2675 “
451 2657 599 2691 Comedi
615 2668 699 2699 ergo
715 2661 752 2689 et
769 2657 843 2689 bibi
858 2658 894 2690 ''.
911 2684 916 2690 .
933 2684 939 2690 .
957 2683 963 2689 .
981 2661 1000 2673 ‘⁴
1013 2657 1189 2690 uideam.''
1244 2657 1330 2689 This
1347 2659 1364 2700 [
1380 2659 1397 2701 ]
1413 2670 1563 2702 passage
1580 2671 1694 2693 seems
1711 2664 1750 2694 to

208 2703 301 2735 have
317 2702 406 2735 been
424 2705 505 2744 part
521 2701 557 2733 of
576 2700 707 2732 Rolle's
728 2701 879 2742 original
898 2704 979 2733 text
1006 2700 1077 2732 and
1094 2706 1160 2733 not
1176 2712 1197 2733 a
1213 2700 1306 2733 later
1323 2701 1595 2745 interpolation.

266 2747 296 2778 2.
326 2745 429 2778 Rone
445 2744 653 2787 frequently
670 2755 750 2776 uses
768 2744 830 2777 the
846 2744 1042 2777 indicative
1059 2743 1113 2776 for
1129 2744 1192 2776 the
1210 2743 1450 2786 subjunctive.
