1881 2985
255 182 321 226 176
531 182 688 218 GOD'S
725 182 938 220 LOVERS
976 183 1034 216 IN
1071 182 1183 219 THE
1219 182 1511 225 JUDGMENT

250 300 539 353 uoluptatum
570 300 806 349 desideria,
839 308 880 341 et
914 299 971 341 ad
1002 299 1280 340 domandam
1315 300 1583 342 indomitam
1619 301 1784 343 mentis

249 367 570 420 petulanciam.
638 367 689 407 In
722 367 800 407 illo
824 374 975 408 autem
1005 366 1082 420 qui
1108 366 1546 420 contemplacionis2
1574 369 1781 410 semitam

248 434 452 475 ascendit
476 448 555 489 per
574 434 767 476 iubilum
791 441 833 475 et
853 435 1060 475 ardorem
1086 434 1255 475 amoris
1275 449 1285 474 t
1319 434 1407 474 iam
1431 434 1561 489 quasi
1587 435 1781 475 extincte

248 501 393 542 iacent
416 501 619 542 carnales
645 501 1036 554 concupiscencie.
1100 500 1230 542 Mors
1252 501 1373 541 enirn
1401 501 1622 542 malarum
1648 499 1779 541 affec-

247 568 431 609 cionum
460 569 518 609 ad
550 569 701 622 ipsum
732 569 925 623 pertinet
956 568 1034 622 qui
1065 568 1446 622 contemplacioni
1472 575 1618 619 uacat,
1651 567 1783 610 cuius

246 635 387 676 eciam
430 635 615 676 interior
656 636 794 676 homo
835 636 878 675 in
919 635 1055 676 aliam
1089 635 1284 690 gloriam
1321 635 1550 691 aliamque
1585 637 1778 677 formam

248 702 336 743 iam
370 710 583 744 mutatur.
650 702 781 744 Uiuit
814 703 911 756 ipse
944 703 1033 742 iam
1066 716 1157 743 non
1191 703 1301 756 ipse,
1331 703 1446 744 uiuit
1471 711 1622 744 autem
1657 704 1702 744 in
1732 716 1781 744 se

249 769 473 821 Christus,
500 770 621 810 unde
646 770 691 810 in
720 770 864 823 ipsius
886 783 1041 810 amore
1066 769 1240 823 liquefit
1260 778 1302 811 et
1326 770 1371 810 in
1395 771 1547 823 seipso
1569 771 1780 825 langues-

247 837 318 884 cit,
348 850 464 890 pene
495 836 645 877 deficit
676 850 759 891 pro
789 837 1042 888 dulcedine,
1072 837 1149 878 uix
1177 837 1386 878 subsistit
1410 852 1495 891 pro
1522 852 1690 879 amore.

306 904 458 957 Ipsius
488 904 642 945 anima
673 912 739 945 est
770 918 857 959 que
887 904 1009 952 dicit,
1041 905 1266 946 Nztnciate
1299 904 1460 947 dilecto
1495 905 1599 960 quia
1628 918 1780 947 amore

244 971 479 1023 langue0‚1
507 971 620 1011 mori
649 971 872 1019 desidero,
900 971 1091 1012 dissolui
1118 972 1269 1025 cupio,
1300 972 1492 1013 transire
1520 972 1779 1022 inardesco;

247 1039 274 1056 “
303 1039 412 1089 En‚2
461 1040 631 1080 morior
682 1039 864 1080 amore!
944 1040 1182 1081 Descende
1234 1041 1448 1082 Domine.
1525 1040 1662 1091 Ueni,
1718 1039 1779 1080 mi

245 1107 418 1155 dilecte,
447 1115 489 1148 et
517 1108 617 1149 leua
648 1122 746 1149 mea
772 1108 1011 1163 languore.
1077 1108 1161 1159 En,
1186 1123 1304 1157 amo,
1334 1122 1462 1157 cano,
1491 1116 1633 1158 estuo,
1664 1109 1779 1149 intra

246 1188 316 1216 me
355 1174 538 1216 ferueol
620 1175 836 1216 Miserere
872 1176 1036 1223 miseri,
1072 1176 1272 1217 iubendo
1309 1190 1380 1217 me
1412 1190 1564 1218 coram
1601 1184 1644 1218 te
1681 1190 1778 1231 pre-

243 1242 465 1283 sentari.”

302 1308 393 1363 Qui
439 1309 573 1350 habet
618 1309 703 1350 hoc
743 1310 965 1364 gaudium
1007 1318 1049 1351 et
1095 1310 1138 1350 in
1178 1310 1263 1352 hac
1302 1310 1396 1353 uita
1439 1311 1499 1351 ita
1542 1312 1777 1366 gloriatur,

242 1376 492 1429 inspiratus
525 1385 591 1418 est
624 1391 650 1417 a
684 1377 858 1430 Spiritu
896 1377 1083 1419 Sancto.
1147 1378 1252 1419 Non
1284 1385 1432 1432 potest
1467 1392 1638 1429 errare3
1674 1385 1779 1433 aget

244 1445 463 1500 quicquid
492 1446 611 1493 libet,
641 1460 828 1487 securus
855 1454 937 1487 est.
1002 1446 1170 1488 Nullus
1196 1447 1400 1488 mortalis
1429 1454 1576 1501 potest
1605 1447 1645 1488 ei
1671 1447 1779 1488 dare

244 1519 334 1553 tam
364 1513 545 1554 salubre
574 1513 832 1564 consilium,
864 1514 1252 1568 quemadmodum
1278 1522 1343 1555 est
1370 1514 1482 1555 illud
1511 1515 1633 1569 quod
1656 1515 1701 1555 in
1730 1528 1779 1556 se

245 1580 380 1620 habet
414 1580 471 1621 ab
509 1580 751 1621 immortali
792 1580 906 1621 Deo.
973 1581 1065 1621 Alii
1104 1594 1212 1622 uero
1245 1581 1284 1622 si
1316 1581 1559 1623 consilium
1595 1581 1634 1622 ei
1671 1580 1776 1621 dare

244 1647 483 1695 uoluerint,
518 1648 616 1688 sine
654 1648 797 1689 dubio
834 1648 1062 1696 errabunt,
1099 1648 1206 1703 quia
1246 1662 1337 1689 non
1377 1656 1604 1690 nouerunt
1645 1648 1773 1690 illud.

246 1714 350 1768 Ipse
378 1722 527 1756 autem
554 1729 645 1756 non
671 1715 836 1756 errabit
865 1715 972 1770 quia
993 1715 1075 1757 etsi
1104 1715 1298 1757 uoluerit
1324 1729 1563 1757 assensum
1590 1715 1776 1770 prebere

242 1782 529 1834 persuasioni
563 1796 718 1824 eorum
754 1796 845 1823 non
881 1783 1165 1836 permittetur
1196 1796 1223 1823 a
1258 1783 1357 1824 Deo
1392 1783 1470 1837 qui
1502 1782 1775 1837 constringit

243 1861 346 1889 eum
383 1849 440 1889 ad
473 1862 603 1890 suam
640 1850 935 1897 uoluntatem,
973 1858 1019 1891 ut
1052 1864 1143 1890 non
1177 1850 1300 1891 illam
1337 1858 1571 1904 pretereat.
1638 1849 1776 1891 Unde

242 1915 297 1956 de
326 1915 403 1956 tali
427 1916 591 1958 dicitur
622 1915 922 1970 “SPiritualis
950 1918 1103 1958 omnia
1127 1916 1298 1959 iudicat
1327 1923 1368 1959 et
1394 1932 1420 1958 a
1448 1916 1629 1958 nemine
1657 1915 1773 1957 iudi-

243 1983 458 2024 catur.”³
535 1983 684 2024 Nemo
719 1990 869 2025 autem
909 1991 1031 2024 tante
1068 1984 1437 2038 presumpcionis
1472 1984 1530 2025 sit
1581 1984 1698 2037 quod
1735 1998 1782 2025 se

241 2051 375 2092 talem
403 2051 492 2092 cito
515 2051 783 2105 suspicetur,
813 2051 1026 2106 quamuis
1055 2051 1277 2093 mundum
1306 2052 1502 2106 perfecte
1533 2053 1774 2108 reliquerit,

134 2129 159 2162 f.
179 2130 222 2165 72
242 2118 490 2159 solitariam
518 2118 657 2160 uitam
687 2118 1142 2172 irreprehensibiliter
1165 2119 1320 2173 egerit,
1347 2126 1483 2173 atque
1508 2120 1553 2159 in
1578 2126 1774 2162 contem-

242 2185 450 2239 placione
483 2199 787 2239 supernorum
813 2187 1002 2226 exierit.³
1050 2185 1155 2226 Non
1190 2199 1297 2228 uero
1328 2186 1546 2227 omnibus
1576 2193 1773 2227 contem-

242 2253 428 2306 platiuis
457 2252 539 2294 hec
570 2253 723 2307 gracia
752 2253 1026 2301 conceditur,
1058 2253 1136 2294 sed
1166 2266 1266 2294 raro
1293 2261 1335 2294 et
1364 2253 1668 2307 paucissimis,
1695 2251 1771 2307 qui

241 2333 468 2361 summam
510 2321 707 2374 quietem
748 2321 914 2361 mentis
952 2327 993 2360 et
1037 2320 1242 2373 corporis
1281 2321 1514 2373 capientes
1556 2320 1614 2361 ad
1657 2332 1774 2374 opus

241 2387 388 2428 diuini
427 2387 596 2428 amoris
635 2387 926 2428 solummodo
966 2387 1215 2441 eliguntur.
1297 2388 1493 2429 Difficile
1532 2396 1598 2430 est
1638 2389 1771 2429 talem

242 2454 473 2495 hominem
501 2455 706 2495 inuenire
735 2462 776 2495 et
804 2455 911 2509 quia
942 2455 1027 2495 rari
1057 2462 1176 2503 sunt,
1209 2455 1400 2510 ideoque
1429 2456 1519 2498 cari
1549 2455 1772 2496 habentur

240 2529 282 2562 et
311 2520 637 2562 desiderabiles
663 2528 769 2563 sunt
799 2529 841 2562 et
865 2522 1086 2562 amabiles
1110 2535 1261 2562 coram
1292 2522 1393 2563 Deo
1420 2529 1463 2562 et
1492 2520 1770 2567 hominibus,

240 2588 320 2628 sed
338 2594 380 2628 et
401 2587 555 2642 angeli
579 2588 781 2642 gaudent
806 2589 851 2629 in
873 2589 995 2631 exitu
1020 2588 1199 2630 illorum
1225 2590 1282 2630 ab
1306 2589 1392 2631 hoc
1415 2589 1580 2637 seculo,
1604 2588 1773 2644 quibus

303 2745 330 2774 1.
359 2742 477 2784 Cana,
495 2743 526 2782 5,
548 2743 577 2773 8.
625 2744 655 2773 2.
682 2742 723 2783 (i)
748 2743 884 2784 “quum
899 2743 1028 2774 enim.’'
1077 2743 1126 2787 (9)
1151 2744 1228 2775 “en
1250 2743 1377 2776 enim.'’
1424 2746 1453 2776 3.
1481 2744 1500 2776 I
1524 2744 1619 2787 Cor.,
1643 2746 1673 2783 2,
1698 2746 1746 2776 15.
