1881 2985
520 203 655 237 GAIN
691 203 835 240 LOVE
872 201 1019 236 WITH
1056 201 1355 238 DILIGENCE
1635 213 1699 247 215

179 333 313 360 nemo
352 333 555 373 unquam
595 319 804 374 perdidit,
844 319 919 373 qui
962 318 1098 358 finem
1137 317 1305 359 amoris
1347 331 1437 358 non
1475 319 1692 372 permisit.

178 385 333 427 Nescit
360 386 563 438 profecto
585 386 708 427 letari
736 386 813 440 qui
837 398 990 426 amore
1014 398 1104 425 non
1134 384 1261 425 nouit
1284 384 1576 425 inardescere.
1642 383 1697 423 Et

177 465 232 493 eo
262 452 432 507 quippe
462 453 616 493 nullus
645 466 847 507 unquam
875 451 1054 493 heacior
1078 450 1268 491 efficitur
1298 464 1434 505 quam
1465 451 1541 505 qui
1574 458 1697 490 extra

176 533 224 561 se
264 534 291 560 a
334 519 626 560 uehemencia
667 520 834 560 amoris
877 518 1090 568 defertur,
1138 524 1179 558 et
1219 530 1298 571 pre
1341 516 1487 557 diuini
1529 516 1699 557 amoris

177 585 495 636 magnitudine
534 586 649 626 intra
687 599 734 627 se
767 585 951 638 excipitl
990 598 1201 625 sonoram
1242 585 1513 625 suauitatem
1549 583 1697 624 laudis

175 658 342 692 eterne.
440 651 532 693 Sed
573 666 662 693 non
695 652 782 694 cito
815 652 1026 706 cuiquam
1068 651 1153 693 hoc
1189 651 1428 705 contingit,
1469 650 1556 690 nisi
1594 662 1696 690 cum

176 732 423 772 conuersus
460 720 517 760 ad
559 719 706 760 Deum
740 732 787 760 se
826 718 1090 759 mirabiliter
1127 717 1384 765 exercuerit,
1423 729 1697 770 omnemque

173 784 426 837 appetitum
467 785 697 826 mundane
738 785 954 826 uanitatis
992 799 1017 825 a
1054 798 1102 826 se
1142 785 1335 826 eiecerit.
1422 784 1697 837 Plerumque
1718 788 1741 822 f.
1762 791 1803 821 83

178 851 304 892 Deus
342 851 543 892 infundit
583 852 728 905 ipsam
769 851 1042 892 ineffabilem
1083 851 1402 892 iubilacionem
1436 852 1697 892 amantibus

176 917 342 971 ipsum.
408 918 542 959 Mens
563 919 683 959 enim
708 919 766 959 ad
794 918 1072 959 mundiciam
1098 918 1335 971 disposita,
1367 918 1696 973 cogitacionem

174 985 337 1038 accipit
360 999 386 1025 a
413 985 514 1026 Deo
538 986 677 1026 eterni
699 986 867 1026 amoris
887 1001 896 1025 ε
931 985 1149 1026 mundata
1175 992 1241 1026 est
1263 985 1487 1039 cogitacio
1513 985 1699 1039 quando

176 1052 221 1092 in
256 1053 481 1092 canticum
512 1053 793 1106 spiritualem
820 1051 1075 1106 consurgit.
1167 1051 1332 1093 Cordis
1365 1052 1485 1092 enim
1519 1051 1697 1093 claritas

175 1132 339 1160 sonum
376 1119 563 1160 celicum
602 1119 766 1159 habere
803 1125 1020 1168 meretur3
1058 1125 1099 1159 et
1135 1126 1184 1159 ut
1214 1118 1314 1159 laus
1351 1118 1436 1159 Dei
1471 1119 1515 1159 in
1554 1118 1698 1160 iubilo

176 1186 397 1239 persistat,
441 1186 621 1226 animus
659 1186 765 1240 igne
803 1186 961 1226 diuino
1003 1186 1265 1226 accenditur
1305 1192 1441 1239 atque
1478 1184 1696 1226 ineffabili

173 1251 413 1293 dulcedine
441 1252 724 1293 iocundatur.
790 1251 881 1293 Sed
903 1253 1114 1306 quamuis
1141 1252 1225 1293 hoc
1253 1252 1475 1293 mundum
1502 1252 1697 1305 perfecte

175 1319 412 1372 relinquat,
465 1319 665 1368 leccioni‚
715 1319 929 1366 oracioni,
980 1325 1022 1359 et
1072 1319 1376 1370 meditacioni‚
1431 1319 1605 1374 uigiliis
1655 1326 1697 1359 et

175 1386 356 1427 ieiuniis
384 1386 549 1440 iugiter
581 1393 623 1426 et
656 1386 874 1426 instanter
903 1386 1093 1433 insistat,
1127 1386 1498 1439 mundiciamque
1532 1384 1698 1425 mentis

172 1465 225 1492 ac
256 1452 537 1493 consciencie
568 1459 883 1506 consequatur,
922 1453 981 1492 ita
1019 1460 1065 1493 ut
1102 1466 1225 1493 more
1261 1452 1483 1493 desideret
1513 1459 1697 1506 propter

173 1517 395 1571 gaudium
448 1531 764 1571 supernorum,
819 1518 1099 1572 dissoluique
1150 1519 1305 1573 cupiat
1356 1528 1398 1560 et
1450 1532 1545 1562 esse
1594 1533 1697 1560 cum

175 1583 387 1626 Christo:
450 1586 537 1626 nisi
591 1599 720 1627 mens
774 1587 872 1627 eius
924 1600 1026 1627 cum
1082 1586 1268 1628 Christo
1316 1587 1697 1628 inestimabiliter2

171 1652 396 1700 adhereat,
425 1660 466 1693 et
491 1652 706 1707 langueat
736 1653 1102 1707 cogitacionibus
1129 1654 1263 1695 certis
1294 1662 1335 1694 et
1366 1654 1692 1704 determinatis,

171 1727 212 1760 et
238 1720 426 1760 omnino
452 1720 675 1761 amorosis
703 1727 744 1760 et
772 1721 870 1761 sine
899 1720 988 1761 fine
1018 1720 1214 1768 intentis,
1260 1734 1374 1775 quas
1418 1720 1694 1774 ubicumque

171 1788 320 1838 fuerit,
351 1787 528 1835 sederit,
558 1788 628 1828 uel
658 1787 755 1828 ierit
781 1788 1058 1828 incessanter
1083 1788 1351 1828 meditetur:
1384 1787 1501 1828 intra
1526 1801 1572 1828 se
1603 1800 1693 1827 non

171 1868 367 1909 querens
415 1855 501 1896 nisi
551 1861 599 1895 ut
640 1862 759 1895 amet
804 1855 1070 1896 Christum:
1114 1854 1318 1909 profecto
1352 1868 1443 1895 non
1477 1854 1694 1907 suscipiet

170 1935 334 1962 sonum
362 1922 563 1969 celicum,
592 1935 672 1962 nec
698 1923 743 1962 in
769 1935 937 1963 canoro
960 1921 1103 1963 iubilo
1131 1921 1315 1963 Ihesum
1343 1929 1385 1962 et
1412 1922 1511 1963 eius
1537 1922 1693 1962 laudes

170 1989 445 2041 personabit,
473 1989 543 2029 uel
567 1989 612 2028 in
638 1996 787 2029 mente
813 1990 884 2029 uel
911 1989 955 2028 in
981 2002 1070 2029 ore.

225 2054 489 2109 [Superbia
525 2056 751 2110 siquidem
790 2055 1031 2097 confundit
1063 2056 1300 2110 plurimos,
1343 2056 1452 2097 dum
1491 2056 1611 2097 enim
1646 2069 1691 2096 se

169 2122 345 2176 aliquid
368 2122 518 2176 egisse
542 2123 767 2173 estimant,
797 2123 919 2177 quod
946 2124 1077 2164 ceteri
1105 2137 1195 2164 non
1216 2123 1444 2171 amabant,
1468 2122 1619 2164 statim
1646 2134 1693 2162 se

171 2188 273 2230 aliis
294 2189 527 2243 preferunt
547 2196 589 2230 et
613 2190 725 2243 ipsis
747 2190 861 2231 forte
880 2190 1091 2231 meliores
1110 2191 1235 2244 apud
1255 2204 1302 2232 se
1325 2190 1550 2231 immerito
1572 2195 1692 2243 post-

172 2263 367 2309 ponunt.
454 2256 545 2298 Sed
591 2257 735 2297 sciant
780 2258 902 2311 quod
949 2257 1022 2298 ille
1069 2258 1273 2299 nondum
1322 2258 1449 2298 nouit
1490 2258 1692 2310 seipsum

171 2322 362 2377 diligere
387 2324 465 2378 qui
489 2337 777 2365 communem
803 2332 1010 2365 naturam
1039 2325 1083 2364 in
1110 2325 1321 2379 proximo
1344 2326 1565 2380 presumit
1588 2338 1692 2367 con-

176 2396 422 2442 tempnere.
478 2389 599 2444 Quia
632 2398 673 2432 et
707 2391 965 2432 condicioni
996 2405 1076 2432 sue
1110 2392 1321 2433 iniuriam
1356 2392 1477 2443 facit,
1511 2394 1588 2447 qui
1624 2394 1694 2433 ius

172 2472 307 2499 suum
336 2459 381 2498 in
413 2458 555 2499 altero
586 2472 677 2500 non
709 2460 933 2514 agnoscit.
1000 2459 1136 2501 Unde
1168 2468 1209 2501 et
1242 2461 1440 2502 humane
1468 2461 1692 2503 societatis

174 2527 246 2567 ius
294 2526 447 2573 uiolat,
500 2526 577 2580 qui
623 2527 991 2567 communionem
1042 2533 1200 2567 nature
1250 2528 1296 2567 in
1346 2528 1556 2580 proximo
1601 2540 1691 2567 non

174 2593 379 2634 hono-rat.
443 2592 496 2632 In
529 2593 615 2634 hoc
645 2606 757 2647 ergo
788 2601 937 2634 errant
969 2592 1180 2634 homines
1205 2594 1262 2635 ab
1296 2606 1448 2634 amore
1479 2593 1578 2642 Dei,
1613 2605 1694 2632 nec

171 2659 230 2700 ad
253 2659 351 2701 eius
373 2659 666 2700 dileccionem
689 2659 838 2701 sciunt
862 2660 1118 2714 pertingere
1139 2661 1245 2715 quia
1264 2661 1521 2714 proximum
1544 2671 1691 2707 suum,

230 2743 257 2772 1.
287 2740 392 2772 Short,
415 2743 513 2772 texts
537 2741 782 2781 “6Χ66ρ61’1ΐ,.”
858 2745 886 2774 2.
918 2743 965 2784 (9)
996 2742 1044 2784 (h)
1069 2743 1087 2756 ‘⁴
1104 2742 1365 2774 ineffabiliter.''
