1881 2985
259 224 325 258 194
560 214 690 249 HOW
727 213 971 251 PERFECT
1008 213 1154 250 LOVE
1191 213 1239 248 IS
1279 213 1489 250 GAINED

259 331 531 379 resistencia,
584 331 918 384 contemplatur
970 343 1073 371 cum
1125 329 1395 371 ascencione
1447 329 1788 372 irreuerberata.

258 398 428 440 Omnia
457 398 611 447 uincit,
634 398 788 439 omnia
813 404 1009 450 superat,
1040 395 1154 436 nihil
1181 396 1268 437 sibi
1299 396 1581 449 impossibile
1609 396 1790 437 uidetur

256 465 313 506 de
346 464 563 506 omnibus
592 478 679 519 que
711 464 906 506 affectat.
972 464 1095 504 Dum
1129 463 1251 504 enim
1287 463 1390 518 quis
1424 463 1660 505 Christum
1696 469 1788 504 tota

257 532 423 572 uirtute
458 545 540 573 sua
573 545 725 572 amare
761 531 941 580 nititur;
990 543 1207 584 magnam
1241 529 1444 584 profecto
1475 531 1520 571 in
1556 544 1604 572 se
1637 537 1789 572 eterne

256 599 348 639 uite
382 599 653 640 suauitatem
691 598 931 651 experitur.

317 665 390 706 Ad
426 665 662 706 Christum
692 665 875 720 quidem
911 663 1220 705 conuertimur
1254 664 1291 706 si
1329 664 1478 718 ipsum
1514 672 1607 706 tota
1641 672 1790 706 mente

258 740 411 773 nostra
439 732 629 786 diligere
657 746 889 773 conamur.
956 731 1074 771 Nam
1101 738 1191 772 tam
1218 731 1502 772 admiralibis
1521 732 1534 756 1
1565 746 1633 774 res
1662 732 1790 772 Deus

256 808 334 847 est,
371 807 413 840 et
445 807 534 840 tam
568 799 846 840 delectabilis
877 799 935 840 ad
972 798 1238 846 uidendum,
1276 798 1398 852 quod
1434 805 1598 851 stupeo
1632 811 1788 853 quem-

257 880 393 921 quam
423 866 610 907 tamen2
643 880 777 920 posse
809 866 1015 919 desipere
1049 873 1091 906 et
1123 865 1318 914 deniare,
1355 866 1477 920 quod
1508 866 1664 907 animo
1696 878 1787 906 non

257 934 461 975 intendat
484 934 541 975 ad
567 934 791 975 uisionem
818 934 930 974 eius.

314 1000 419 1041 Non
443 1001 563 1042 enim
595 1001 672 1055 qui
703 1014 872 1055 magna
900 1008 941 1041 et
969 1000 1112 1041 multa
1138 1001 1235 1055 agit
1266 1014 1464 1055 magnus
1492 1007 1570 1051 est,
1600 999 1681 1042 sed
1710 999 1787 1053 qui

256 1068 449 1108 multum
484 1068 635 1122 diligit
667 1068 916 1115 Christum,
948 1068 1021 1110 hic
1054 1082 1254 1122 magnus
1288 1076 1354 1109 est
1386 1075 1427 1109 et
1462 1068 1548 1109 Dei
1581 1068 1787 1109 dilectus.

257 1134 375 1175 Nam
398 1134 664 1189 philosophi
689 1136 882 1176 multum
910 1135 1245 1183 laborauerunt‚
1272 1142 1314 1176 et
1338 1143 1488 1176 tamen
1516 1136 1615 1177 sine
1640 1136 1787 1176 fructu

254 1209 552 1249 euanuerunt‚
604 1209 645 1243 et
697 1201 826 1242 multi
881 1202 958 1257 qui
1011 1202 1246 1244 christiani
1293 1202 1567 1243 uidebantur
1618 1213 1790 1256 magna

255 1277 445 1323 egerunt
469 1276 510 1309 et
534 1270 647 1310 mira
672 1270 1113 1325 demonstrauerunt,
1139 1276 1181 1310 et
1202 1268 1369 1310 saluari
1392 1282 1484 1309 non
1509 1273 1786 1310 meruerunt.

257 1335 378 1390 Quia
409 1350 499 1376 non
535 1336 807 1377 facientibus
840 1337 919 1378 sed
952 1336 1254 1391 diligentibus
1290 1337 1437 1377 Deum
1483 1344 1549 1377 est
1579 1335 1788 1377 habund-

254 1404 385 1444 ancia
418 1404 594 1445 celestis
625 1417 808 1446 corone.

127 1480 153 1515 f.
174 1481 235 1516 78b
314 1471 426 1512 Peto
449 1471 647 1512 Domine
674 1471 808 1512 Ihesu
834 1470 989 1525 largiri
1015 1470 1126 1511 mihi
1151 1471 1194 1511 in
1216 1484 1370 1512 amore
1390 1478 1470 1512 tuo
1493 1478 1665 1512 motum
1689 1470 1788 1512 sine

255 1552 481 1586 mensura,
533 1537 744 1580 affectum
798 1539 896 1579 sine
945 1538 1094 1585 modo,
1144 1538 1413 1592 languorem
1466 1537 1564 1580 sine
1614 1537 1787 1584 ordine,

254 1606 461 1647 ardorem
492 1606 590 1647 sine
621 1606 914 1647 discrecione.
982 1606 1051 1647 Eo
1080 1606 1201 1647 enim
1226 1620 1354 1647 amor
1383 1606 1448 1646 tui
1479 1614 1546 1647 est
1578 1604 1787 1651 nobilior,

256 1687 349 1728 quo
382 1673 691 1727 impetuosior,
727 1673 833 1728 quia
872 1687 952 1714 nec
992 1674 1169 1714 racione
1210 1673 1510 1727 restringitur,
1551 1686 1633 1715 nec
1666 1679 1786 1725 met-u

255 1741 523 1789 concutitur,
556 1754 702 1795 neque
734 1741 902 1782 iudicio
928 1747 1218 1793 temperatur.

315 1807 483 1849 Nullus
506 1821 710 1862 unquam
735 1808 915 1849 beacior
937 1808 1032 1855 erit,
1052 1821 1189 1862 quam
1215 1807 1292 1861 qui
1318 1820 1397 1861 pre
1418 1807 1588 1847 amoris
1609 1805 1788 1859 magni-

254 1874 413 1916 tudine
446 1875 559 1915 mori
598 1875 777 1929 poterit.
885 1874 1037 1915 Nimis
1074 1873 1195 1914 enim
1233 1887 1385 1914 amare
1426 1873 1552 1914 nulla
1587 1879 1792 1915 creatura

256 1951 418 1998 potest.
500 1943 551 1984 In
589 1944 804 1985 omnibus
845 1943 949 1986 aliis
987 1944 1132 1994 rebus,
1169 1956 1304 1984 omne
1345 1942 1469 1996 quod
1509 1941 1558 1982 fit
1595 1940 1788 1980 nimium

257 2011 446 2052 uertitur
475 2011 520 2051 in
553 2011 742 2060 uiciam;
789 2011 867 2052 sed
893 2011 1037 2052 uirtus
1065 2011 1234 2052 amoris
1266 2017 1437 2064 quanto
1466 2009 1571 2064 plus
1600 2008 1788 2055 excedit,

257 2086 384 2120 tanto
414 2079 657 2134 gloriosior
688 2079 786 2119 erit.
851 2078 1061 2132 Languet
1089 2078 1210 2119 enim
1243 2091 1404 2119 amans
1435 2077 1472 2119 si
1503 2090 1593 2118 non
1626 2076 1788 2117 habeat

258 2147 383 2187 iuxta
415 2160 462 2187 se
492 2160 571 2200 per
601 2146 797 2199 speciem
834 2145 957 2200 quod
985 2152 1119 2185 amat.
1185 2144 1292 2185 Ideo
1326 2144 1491 2186 dicitur
1525 2144 1787 2185 “Nuncz'ate

259 2215 420 2256 dilecto
463 2213 568 2268 quia
606 2227 757 2255 amore
791 2212 1038 2266 Ζανιξιιθο,Η
1062 2213 1078 2237 3
1113 2213 1242 2268 quasi
1282 2213 1461 2261 diceret,
1503 2212 1658 2267 “quia
1697 2226 1787 2253 non

256 2296 394 2325 cerno
424 2283 547 2337 quod
584 2296 718 2323 arno:
763 2296 846 2336 pro
876 2295 1030 2323 amore
1065 2282 1207 2323 eciam
1244 2282 1288 2321 in
1327 2294 1514 2334 corpore
1550 2277 1785 2321 tabesco.”

259 2349 523 2391 Conuersus
545 2349 716 2404 quippe
740 2356 833 2390 toto
855 2349 988 2391 corde
1007 2349 1065 2389 ad
1089 2347 1338 2396 Christum,
1361 2348 1511 2402 primo
1530 2361 1611 2401 per
1633 2359 1788 2388 ueram

258 2417 561 2471 penitenciam
587 2416 792 2465 afficitur,
813 2424 854 2457 et
878 2417 942 2459 sic
966 2423 1129 2456 cuncta
1154 2429 1240 2470 que
1264 2415 1322 2456 ad
1347 2415 1594 2456 uanitatem
1620 2413 1789 2469 pertin-

258 2492 334 2524 ent
360 2483 694 2538 derelinquens‚
725 2491 828 2536 post
858 2489 1044 2538 gustum
1070 2481 1310 2524 suauitatis
1341 2482 1514 2522 interne
1540 2481 1598 2522 ad
1626 2492 1789 2521 canen-

258 2551 369 2592 dum
414 2551 458 2590 in
499 2564 668 2592 sonoro
708 2550 851 2591 iubilo
890 2549 1113 2591 diuinitus
1156 2549 1370 2602 rapietur.
1453 2547 1590 2590 Unde
1635 2547 1789 2593 Isaies,

259 2618 362 2671 Ego
385 2617 575 2660 cantabo
600 2618 759 2659 dilecto
784 2617 925 2669 meo‚4
945 2624 987 2658 et
1011 2617 1055 2657 in
1078 2616 1270 2670 psalmo,
1294 2617 1349 2657 In
1370 2621 1409 2657 te
1433 2613 1634 2656 cantacio
1657 2625 1758 2653 mea
1775 2611 1792 2636 ⁵

307 2727 334 2757 1.
368 2725 474 2757 Short,
485 2726 582 2755 texts
599 2722 833 2755 “mirabilis”
959 2725 991 2756 2.
1019 2722 1067 2765 (9)
1084 2721 1286 2754 “tantum'‘
1383 2723 1416 2756 3.
1439 2720 1558 2761 Cant„
1583 2721 1614 2759 5,
1638 2721 1666 2751 8.

256 2771 289 2803 4.
315 2768 405 2801 Isai.
419 2771 448 2809 5,
468 2771 494 2802 l.
585 2770 615 2800 5.
642 2767 777 2799 Psacm.
799 2768 853 2808 70,
869 2769 897 2800 6.
