1881 2985
216 193 283 229 268
481 195 592 233 THE
622 197 987 233 EXCELLENCE
1019 197 1086 231 OF
1116 197 1311 234 DIVINE
1342 198 1487 236 LOVE

216 317 368 352 amato
393 325 495 353 cum
521 313 740 354 armonia.
799 313 853 353 Et
879 313 1106 368 siquidem
1134 314 1171 355 si
1198 314 1285 356 isto
1306 316 1456 364 modo,
1482 324 1531 357 ut
1553 316 1746 364 ostendi,

218 379 460 429 amaueris‚
495 393 597 421 cum
627 380 815 433 optimis
846 388 886 421 et
910 380 1260 423 honorabilibus
1290 382 1335 422 in
1365 395 1507 436 regno
1541 383 1625 424 Dei
1660 384 1746 437 ipsi

219 448 387 488 uisioni
419 448 601 490 uiuifice
632 450 816 491 assistes
847 449 1092 504 gloriosus.
1182 449 1357 493 Omnes
1388 459 1539 493 autem
1569 452 1747 493 interim

220 514 603 570 impugnaciones
642 517 906 567 demonum,
951 519 1241 571 insurgentes
1281 526 1433 560 motus
1478 519 1745 571 carnalium,

217 583 790 638 concupiscenciarumque
853 585 1191 626 mundanarum
1255 599 1416 634 rerum,
1482 587 1527 627 in
1589 587 1750 628 ardore

217 651 387 692 amoris
419 659 460 692 et
508 651 674 692 uirtute
718 651 960 703 oracionis,
1011 652 1214 693 ualenter
1256 653 1513 705 superabis.
1577 653 1750 695 Uinces

220 731 403 772 quoque
442 718 793 759 delectacionem
829 718 1094 772 apparentis
1126 719 1493 774 pulchritudinis,
1522 728 1569 761 ut
1609 719 1754 762 nolles

219 799 305 839 pro
334 787 459 827 omni
493 787 616 841 quod
641 787 840 828 estimari
870 788 1033 842 poterit
1060 789 1131 829 uel
1163 789 1302 830 semel
1334 789 1566 830 maculari.
1632 787 1751 829 Cum

220 852 307 894 hoc
346 853 518 908 quippe
570 854 845 896 habundans
897 855 985 897 eris
1034 856 1223 897 internis
1276 855 1437 909 epulis,
1486 864 1528 897 et
1567 855 1752 897 delicias

221 921 362 961 eterni
383 921 553 963 amoris
574 922 833 975 experieris,
859 930 907 963 ut
930 923 1117 977 signum
1138 937 1393 978 cognosces
1416 924 1461 964 in
1484 923 1753 965 certitudine

220 994 261 1027 et
298 987 428 1041 quasi
472 988 516 1027 in
553 988 763 1039 sciencia,
810 989 933 1043 quod
967 996 1141 1030 amator
1181 1004 1228 1031 es
1263 991 1403 1031 eterni
1446 991 1581 1046 regis.
1650 990 1752 1032 Hoc

224 1063 375 1096 tamen
402 1069 493 1096 non
509 1058 673 1098 accidit
693 1057 843 1098 alieno
869 1058 955 1098 nisi
981 1058 1052 1098 uel
1074 1057 1160 1099 hoc
1187 1058 1315 1099 Deus
1334 1059 1373 1098 ei
1397 1057 1584 1109 dederit,
1611 1057 1683 1097 uel
1709 1058 1754 1097 in

224 1124 308 1166 hac
353 1125 446 1165 uita
491 1139 707 1179 magnam
749 1133 923 1179 partem
968 1125 1108 1166 futuri
1153 1125 1315 1178 premii
1363 1126 1407 1165 in
1452 1139 1498 1166 se
1539 1124 1757 1165 ueraciter

223 1193 413 1234 senserit
443 1193 689 1234 immorari.

282 1257 374 1299 Sed
398 1259 508 1313 quid
529 1259 584 1300 de
606 1259 694 1300 illis
716 1260 878 1313 loquor
895 1272 998 1300 cum
1021 1259 1125 1301 aliis
1149 1259 1227 1313 qui
1252 1259 1465 1313 quamuis
1487 1259 1612 1299 electi
1636 1267 1756 1307 sunt,

225 1340 317 1367 non
376 1334 527 1367 tamen
603 1327 895 1368 electuarium
971 1323 1083 1367 illud
1158 1326 1451 1367 habuerunt?
1541 1325 1758 1366 Admiror

223 1395 476 1450 aliquando
510 1396 564 1436 de
612 1395 788 1449 meipso
837 1395 960 1450 quod
1009 1395 1187 1436 locutus
1235 1408 1337 1436 sum
1385 1395 1441 1436 de
1486 1393 1760 1435 excellencia

225 1471 481 1504 amatorum
528 1463 630 1514 Dei,
678 1463 809 1518 quasi
854 1463 1117 1518 quicunque
1153 1462 1300 1510 uellet,
1337 1463 1395 1504 ad
1435 1463 1553 1504 hanc
1590 1462 1758 1503 ualeret

93 1542 202 1579 f.57b
225 1533 494 1582 ascendere3
533 1545 636 1573 cum
676 1546 766 1573 non
820 1532 877 1573 sit
929 1531 1126 1573 uolentis
1194 1544 1340 1585 neque
1391 1530 1627 1580 currentis,
1679 1529 1759 1570 sed

228 1599 400 1641 Christi
439 1600 676 1654 diligentis
713 1599 937 1640 eleuantis
973 1607 1015 1640 et
1051 1599 1342 1640 assumentis.
1410 1598 1620 1640 Paruitas
1658 1610 1759 1651 pro-

227 1666 346 1708 fecto
375 1667 550 1721 ingenii
577 1667 664 1707 mei
692 1667 832 1707 nescit
856 1667 1031 1719 aperire
1056 1666 1167 1707 illud
1198 1666 1321 1720 quod
1352 1672 1598 1719 utcumque
1628 1663 1759 1718 quasi

227 1735 495 1776 balbuciens
524 1735 762 1775 ostendere
790 1742 979 1775 conatus
1008 1747 1124 1781 sum,
1156 1742 1197 1774 et
1226 1733 1401 1787 aliquid
1432 1741 1582 1774 tamen
1613 1733 1669 1773 de
1694 1732 1759 1772 in-

227 1801 398 1842 effabili
448 1801 596 1842 dicere
659 1801 977 1854 compellebar,
1036 1808 1083 1841 ut
1143 1800 1379 1841 audientes
1424 1800 1497 1840 uel
1557 1799 1760 1854 legentes

227 1870 440 1911 studeant
467 1870 646 1919 imitari,
674 1870 959 1910 inuenientes
984 1869 1107 1924 quod
1133 1869 1284 1909 omnis
1306 1882 1434 1909 amor
1457 1867 1760 1922 pulcherrime

229 1943 271 1976 et
302 1936 630 1977 amabilissime
678 1937 737 1977 rei
786 1937 1018 1977 mundane
1063 1942 1353 1989 comparatus
1398 1934 1560 1976 diuino
1602 1933 1761 1981 amori,

230 2007 360 2048 dolor
393 2013 435 2046 et
465 2006 646 2047 miseria
676 2012 759 2046 est.
853 2004 1164 2059 Quamobrem
1194 2004 1384 2056 aspicite
1410 2004 1468 2044 ad
1505 2002 1762 2057 intelligen-

229 2073 362 2124 ciam‚
415 2081 456 2113 et
500 2073 658 2113 scitote
705 2078 927 2125 quantum
979 2070 1210 2111 Dominus
1258 2070 1465 2111 mirificat
1513 2076 1762 2110 amatorem

231 2153 382 2190 suum,
421 2146 462 2180 et
494 2139 691 2180 sustollit
725 2139 769 2179 in
805 2138 1014 2185 sublime,
1050 2151 1131 2179 nec
1164 2137 1278 2178 deici
1314 2137 1533 2192 permittit
1569 2137 1765 2191 indigno

231 2220 385 2248 amore
431 2220 549 2247 uane
609 2206 721 2259 spei,
767 2207 846 2247 sed
880 2206 925 2246 in
971 2219 1019 2247 se
1077 2205 1350 2246 suauissime
1396 2205 1453 2246 ad
1513 2204 1763 2245 amandum

231 2273 454 2315 stabiliter
481 2273 692 2314 custodit.
759 2272 840 2313 Est
866 2273 987 2313 enim
1013 2285 1142 2313 amor
1169 2272 1386 2313 continua
1411 2271 1635 2324 cogitacio
1659 2282 1764 2312 cum

239 2341 415 2396 ingenti
455 2340 683 2381 desiderio
718 2341 897 2394 pulchri
942 2341 1144 2394 bonique
1181 2339 1408 2389 amabilis,
1458 2338 1566 2393 quia
1610 2339 1648 2379 si
1696 2351 1766 2378 res

238 2423 375 2465 quam
413 2422 518 2449 amo
560 2407 752 2462 pulchra
787 2407 844 2448 sit
877 2416 918 2448 et
962 2420 1052 2448 non
1095 2406 1231 2457 bona,
1274 2406 1464 2460 indigne
1507 2418 1578 2445 me
1613 2416 1765 2444 amare

235 2479 524 2527 demonstr03
551 2477 588 2518 si
615 2483 766 2517 autem
790 2478 911 2518 bona
937 2475 1007 2523 sit,
1034 2474 1231 2515 amanda
1251 2481 1333 2514 est.

295 2544 439 2584 Amor
464 2550 615 2584 autem
641 2550 857 2593 creature,
887 2542 969 2583 etsi
996 2543 1117 2583 bona
1145 2541 1202 2582 sit
1226 2548 1267 2581 et
1290 2539 1495 2593 pulchra,
1522 2537 1635 2579 mihi
1663 2548 1767 2590 pro-

237 2611 410 2653 hibitus
448 2618 529 2661 est,
586 2618 633 2651 ut
686 2610 801 2650 fonti
855 2609 1072 2650 bonitatis
1125 2616 1167 2648 et
1220 2605 1578 2660 pulchritudinis
1621 2611 1765 2645 totum

237 2693 439 2721 amorem
470 2690 621 2718 meum
645 2676 831 2718 offeram
861 2684 901 2716 et
934 2688 1183 2725 reseruem;
1215 2682 1263 2715 ut
1296 2674 1368 2715 ille
1399 2673 1456 2714 sit
1485 2686 1613 2714 amor
1632 2663 1768 2712 'meus

241 2746 319 2801 qui
344 2753 409 2787 est
438 2745 564 2786 Deus
588 2758 717 2786 meus
742 2751 782 2785 et
806 2744 969 2784 Ihesus
995 2755 1137 2783 meus.
1204 2741 1308 2795 Ipse
1335 2741 1455 2782 enim
1483 2740 1608 2781 solus
1634 2739 1769 2779 habet
