1881 2985
518 204 914 242 DEGRADATION
956 204 1024 240 OF
1065 204 1321 241 SOLOMON
1618 217 1681 250 213

158 321 389 376 tangentis
424 321 468 362 in
503 322 684 363 diuersa
716 321 939 363 desideria
974 321 1169 374 rapitur;
1203 320 1276 361 uel
1309 321 1422 362 alias
1454 321 1595 362 eciam
1632 322 1675 361 in

158 389 323 428 malam
346 387 631 429 dulcedinem
656 387 918 436 deflectitur,
943 394 985 427 et
1011 400 1101 427 non
1127 387 1216 428 cito
1237 399 1390 426 amore
1415 384 1678 426 Conditoris

157 455 469 508 uirtutumque
499 454 760 495 constancia
791 453 1068 494 refrenatur:
1109 452 1226 494 scias
1253 452 1350 493 sine
1379 450 1520 492 dubio
1556 449 1678 503 quod

158 520 296 561 homo
318 520 392 560 ille
414 520 595 574 culpam
620 521 663 561 in
688 534 735 562 se
759 519 1053 560 immundicie
1076 519 1281 567 sustinet,
1305 518 1388 558 etsi
1411 518 1561 572 longe,
1587 529 1677 556 non

157 586 305 628 solum
330 600 356 626 a
379 586 563 637 femina,
592 594 633 627 et
657 588 797 628 eciam
818 587 875 628 ab
900 586 1084 627 homine
1107 585 1254 628 distet.

209 651 265 692 Et
312 653 495 707 quidem
536 654 573 694 si
615 654 684 693 uir
729 652 877 694 fidelis
923 652 1093 693 infideli
1140 651 1317 692 mulieri
1363 650 1673 704 coniungitur,

156 721 415 773 proximum
454 728 519 761 est
555 728 603 761 ut
638 721 737 761 eius
772 734 900 761 mens
935 720 994 761 ad
1032 720 1342 761 infidelitatem
1374 726 1676 760 conuertatur.

158 785 264 827 Mos
299 786 419 826 enim
452 794 517 828 est
551 786 791 827 mulierum
827 794 875 827 ut
909 800 1013 828 cum
1048 800 1096 827 se
1131 787 1248 827 ultra
1283 786 1470 827 modum
1505 800 1531 826 a
1567 785 1678 826 uiris

154 852 297 892 amari
338 860 589 900 senserunt,
628 866 706 907 per
745 853 997 895 blandicias
1037 853 1285 894 allicientes
1319 853 1455 893 corda
1497 852 1677 893 illorum

155 919 398 973 decipiant,
417 927 457 960 et
476 920 534 960 ad
555 933 606 960 ea
625 934 712 974 que
734 919 911 960 illarum
934 920 1214 974 nequissima
1235 919 1450 961 uoluntas
1469 918 1677 974 suggerit

152 987 397 1037 attrahant,
435 1000 550 1041 quos
582 1000 661 1040 per
693 986 982 1027 manifestam
1009 986 1302 1034 locucionem‚
1333 987 1460 1040 prius
1487 994 1676 1040 attemp-

154 1053 324 1093 tabant.
390 1052 609 1094 Salomon
643 1066 840 1107 namque
865 1054 1048 1105 sapiens
1077 1060 1182 1101 erat,
1213 1061 1254 1094 et
1286 1053 1433 1095 fidelis
1466 1054 1564 1095 Deo
1598 1067 1678 1107 per

153 1119 339 1173 aliquod
369 1127 549 1173 tempus
573 1120 731 1171 extitit,
762 1120 841 1161 sed
866 1127 1024 1173 postea
1050 1127 1234 1173 propter
1260 1120 1451 1160 nimium
1474 1132 1675 1160 amorem

155 1199 247 1240 quo
281 1186 547 1227 mulieribus
580 1186 839 1234 adherebat,
886 1201 913 1227 a
962 1185 1175 1227 fidelitate
1223 1194 1264 1226 et
1313 1187 1537 1239 preceptis
1588 1185 1674 1226 Dei

154 1253 374 1294 uilissime
404 1253 590 1303 defecit3
623 1260 750 1293 tanto
777 1253 961 1307 dignior
989 1254 1180 1307 grauius
1202 1253 1397 1307 percelli,
1430 1260 1600 1308 quanto
1629 1253 1674 1292 in

153 1333 322 1374 magna
370 1320 600 1373 sapiencia
649 1320 838 1373 positus,
887 1333 933 1361 se
979 1333 1005 1359 a
1051 1320 1189 1361 stulta
1239 1320 1425 1361 muliere
1471 1319 1675 1374 permisit

153 1386 395 1439 superari.l
450 1386 597 1427 Nemo
629 1400 739 1440 ergo
771 1387 859 1428 sibi
894 1386 1086 1427 inaniter
1119 1387 1393 1438 blandiatur,
1429 1401 1509 1429 nec
1540 1388 1594 1428 de
1628 1401 1674 1428 se

152 1467 422 1508 presumens
449 1454 583 1505 dicat,
612 1467 798 1495 securus
823 1467 955 1494 sum:
991 1466 1082 1493 non
1105 1454 1265 1506 timeo;
1298 1468 1388 1495 non
1419 1469 1490 1496 me
1521 1455 1675 1496 fallere

151 1531 298 1578 potest
324 1523 586 1564 demulcens
615 1523 832 1570 seculum,
865 1536 966 1564 cum
997 1522 1125 1562 audit
1156 1523 1244 1562 iam
1277 1523 1331 1563 de
1361 1523 1676 1564 sensatissimo

151 1591 264 1641 uiro,
297 1591 708 1631 insensatissimum
735 1589 956 1630 effectum.

207 1656 470 1710 Spiritualis
498 1658 669 1711 quippe
694 1657 940 1698 fornicacio
966 1657 1106 1697 eciam
1135 1657 1332 1698 auaricia
1358 1665 1438 1706 est,
1469 1672 1522 1699 eo
1550 1658 1672 1712 quod

148 1725 343 1777 cupidus
368 1732 552 1778 propter
575 1738 775 1765 amorem
800 1737 1091 1765 nummorum
1117 1724 1269 1764 sinum
1296 1737 1430 1765 suum
1456 1723 1673 1778 expandit

147 1792 206 1833 ad
237 1792 542 1846 prostibulum
571 1792 834 1832 demonum.
900 1790 1017 1831 Cum
1051 1804 1159 1831 uero
1184 1798 1288 1831 ante
1318 1791 1505 1831 nimiam
1536 1790 1671 1831 dilec-
1693 1796 1718 1829 f.
1738 1795 1801 1830 382³

148 1861 323 1901 cionem
361 1860 552 1914 pecunie
592 1859 741 1900 Deum
780 1872 938 1899 uerum
975 1872 1197 1912 sponsum
1237 1857 1406 1906 dilexit,
1445 1864 1487 1898 et
1520 1857 1671 1910 ipsum

149 1927 237 1967 iam
271 1934 456 1980 propter
488 1926 791 1966 inordinatam
842 1925 1262 1978 concupiscenciam
1311 1924 1488 1971 deserit,
1535 1931 1671 1977 atque

148 2001 407 2047 procatores
443 1993 588 2034 malos
626 1993 670 2033 in
705 2006 752 2034 56
784 1993 1005 2034 assumit:
1045 1993 1155 2047 quid
1192 1992 1317 2033 aliud
1351 1992 1437 2032 nisi
1476 1990 1669 2031 fornica-

145 2060 323 2101 cionem
347 2067 387 2100 et
413 2060 667 2100 idolatriam
695 2060 835 2100 facit?
897 2058 1130 2100 Conemur
1154 2072 1264 2113 ergo
1289 2072 1365 2099 cor
1392 2065 1596 2098 nostrum
1624 2056 1669 2096 in

150 2126 294 2167 oculis
334 2127 662 2179 omnipotentis
706 2127 791 2166 Dei
830 2127 1044 2167 mundum
1084 2129 1128 2168 in
1165 2134 1386 2180 quantum
1425 2137 1672 2178 possumus

145 2194 395 2242 ostendere,
423 2202 465 2235 et
496 2208 656 2236 omnes
680 2208 934 2236 uenenosas
962 2195 1289 2237 delectaciones
1318 2194 1552 2243 suffocare,
1586 2193 1668 2234 etsi

148 2261 391 2315 quicquam
423 2262 467 2301 in
499 2262 631 2303 nobis
662 2263 937 2316 quandoque
968 2270 1151 2316 propter
1180 2261 1472 2316 fragilitatem
1503 2260 1667 2314 agitur,

150 2328 195 2369 in
223 2328 354 2370 corde
377 2336 527 2369 tamen
552 2342 701 2370 coram
729 2329 830 2370 Deo
855 2329 968 2369 nihil
994 2328 1080 2369 nisi
1106 2328 1354 2382 perfectum
1381 2336 1422 2370 et
1451 2342 1672 2369 summum

146 2397 365 2438 uideatur.
429 2395 717 2451 Quandoque
745 2397 865 2438 enim
894 2397 1168 2451 quibusdam
1193 2410 1247 2437 ex
1277 2397 1417 2436 nimia
1443 2395 1667 2436 hilaritate

147 2463 422 2511 uilescimus,
461 2464 735 2518 quandoque
771 2464 815 2504 in
854 2463 1007 2504 uerbis
1056 2471 1097 2504 et
1148 2464 1248 2505 uisu
1301 2463 1570 2519 gaudemus,
1625 2468 1667 2501 et

147 2543 425 2585 quamquam
470 2530 553 2571 ista
596 2538 637 2571 et
679 2530 770 2571 hiis
809 2531 975 2572 similia
1019 2544 1168 2571 coram
1214 2531 1313 2572 Deo
1349 2532 1472 2572 bono
1511 2530 1668 2570 animo

147 2603 340 2651 possunt
372 2596 497 2637 fieri:
542 2610 692 2637 coram
724 2597 989 2638 hominibus
1020 2604 1170 2637 tamen
1206 2610 1297 2637 non
1337 2609 1571 2650 nunquam
1609 2595 1666 2636 ad

205 2680 232 2709 1.
264 2678 330 2718 (d),
355 2677 382 2709 f.
410 2678 493 2709 316b
519 2677 548 2709 is
571 2677 653 2709 here
676 2677 875 2717 misbound,
902 2678 971 2709 and
995 2678 1188 2719 continues,
1217 2680 1235 2693 “
1251 2678 1319 2710 nisi
1344 2678 1439 2710 forte
1460 2676 1566 2718 aliqui
1597 2676 1665 2716 —,''

141 2721 335 2800 fggmossh}
352 2721 591 2796 12539-2131313031‘
623 2721 662 2753 of
694 2721 754 2752 the
788 2722 1008 2761 Incendium,
1028 2731 1060 2763 p.
1079 2722 1152 2756 277.
1217 2722 1293 2754 The
1324 2721 1473 2754 omitted
1507 2720 1665 2762 portions
