1881 2985
556 202 779 239 RoLLE’s
818 201 1257 238 REMrNISCENcEs
1607 213 1672 246 179

143 318 345 366 dixisset,
383 318 536 359 “Non
569 319 762 372 pertinet
790 317 847 358 ad
878 324 1043 358 statum
1072 324 1215 365 tuum,
1244 317 1413 359 scilicet
1445 317 1668 359 heremiti-

143 398 260 432 cum,
288 384 440 426 ludere
467 399 569 427 cum
594 384 931 434 mulieribus'';
966 391 1008 425 et
1034 384 1110 424 illa
1157 384 1298 425 eciam
1327 398 1418 425 non
1445 386 1670 427 immerito

144 464 216 491 me
264 450 599 502 confundebat;
664 452 800 493 debui
848 452 968 492 enim
1020 452 1169 506 magis
1214 452 1486 494 sustinuisse
1532 467 1667 508 quarn

144 517 319 571 aliquid
361 517 624 559 huiusmodi
666 519 887 561 intulisse.
966 518 1084 559 Nam
1128 519 1306 560 rediens
1347 520 1405 561 ad
1446 521 1670 574 meipsum

149 584 328 638 gracias
364 586 438 639 egi
479 585 580 626 Deo
616 599 717 627 meo
754 586 860 641 quia
890 599 969 640 per
1003 586 1181 628 illarum
1223 587 1361 628 uerba
1398 600 1468 627 me
1500 587 1673 628 bonum

149 651 315 699 docuit,
339 658 381 692 et
407 652 528 693 uiam
554 653 811 694 suauiorem
840 667 976 708 quam
1003 661 1136 694 antea
1160 654 1360 708 cognoui
1388 653 1499 694 mihi
1525 659 1674 694 osten-

146 717 227 768 dit,
265 725 312 758 ut
345 719 547 772 amplius
597 733 830 773 operarem
865 721 1064 775 graciam
1097 720 1299 762 Christi:
1344 734 1434 761 non
1470 719 1677 760 inueniat

152 785 520 838 reprehensibilis
548 801 701 829 coram
732 788 1001 830 mulieribus
1030 789 1075 828 in
1108 789 1192 831 hac
1222 795 1362 842 parte.

210 852 385 907 Quarta
425 854 586 895 mulier
626 855 696 895 cui
730 854 979 895 admodum
1021 854 1258 896 familiaris
1298 868 1433 906 eram,
1476 868 1565 895 non
1608 867 1677 895 me

154 919 529 972 reprehendendo
572 910 652 961 sed
704 921 834 976 quasi
883 921 1252 975 contempnendo
1296 921 1439 962 dixit:
1502 920 1678 961 “Nihil

154 985 295 1026 habes
335 985 421 1026 nisi
462 985 704 1039 pulchrum
745 986 895 1027 uisum
935 994 977 1028 et
1012 987 1254 1041 pulchrum
1293 988 1513 1029 uerbum:
1562 1000 1680 1040 opus

154 1052 331 1094 nullum
357 1052 551 1094 habes.'’
617 1053 673 1095 Et
701 1054 803 1095 ideo
832 1054 995 1096 melius
1023 1056 1186 1096 estimo
1216 1069 1369 1096 earum
1403 1055 1680 1109 specialitate

155 1131 303 1158 carere
326 1132 461 1173 quam
484 1119 528 1159 in
551 1133 704 1161 earum
728 1134 893 1161 manus
913 1121 1133 1171 incidere;
1159 1135 1246 1176 que
1265 1122 1451 1163 modum
1474 1123 1680 1163 nesciunt

156 1191 305 1225 tenere
333 1186 430 1226 siue
461 1186 506 1225 in
536 1200 689 1228 amore
718 1187 815 1228 siue
846 1188 891 1227 in
921 1195 1199 1241 contemptu.
1265 1187 1383 1228 Mihi
1413 1195 1563 1229 autem
1597 1188 1681 1229 ista

158 1252 447 1306 contigerunt
472 1253 594 1307 quod
615 1254 806 1294 salutem
827 1267 980 1295 earum
1005 1254 1260 1308 procuraui,
1284 1268 1374 1295 non
1401 1256 1522 1309 quod
1549 1256 1594 1295 in
1618 1256 1684 1296 eis

155 1320 343 1374 aliquod
374 1320 579 1361 illicitum
611 1321 829 1374 app-etiui,
864 1335 965 1363 cum
996 1321 1163 1375 quibus
1189 1322 1570 1363 sustentacionem
1605 1334 1684 1375 per

156 1386 345 1440 aliquod
373 1394 553 1441 tempus
584 1389 737 1442 accepi
769 1389 1010 1442 corporale

810 1535 919 1577 CAP.
961 1548 1021 1587 13.

159 1637 316 1691 (Quod
357 1637 448 1678 uita
486 1636 687 1677 solitaria
723 1649 801 1677 seu
841 1635 1100 1677 heremitica
1139 1636 1279 1677 uitam
1316 1649 1606 1677 communem
1645 1642 1685 1676 et

274 1703 460 1744 mixtam
490 1703 714 1757 precellit;
755 1710 797 1743 et
830 1703 1064 1757 quomodo
1094 1704 1301 1757 peruenit
1330 1704 1388 1744 ad
1423 1704 1683 1745 incendium

271 1770 440 1811 amoris
466 1777 507 1810 et
532 1770 587 1811 de
610 1770 834 1811 suauitate
860 1770 1021 1822 iubili.)

214 1854 471 1894 Extiterunt
510 1853 667 1908 aliqui,
717 1862 758 1895 et
801 1853 951 1895 adhuc
988 1854 1101 1894 forte
1139 1854 1406 1907 superstites
1443 1862 1564 1907 sunt,
1607 1857 1683 1912 qui
1706 1865 1730 1898 f.
1752 1866 1794 1900 72

160 1935 449 1963 communem
477 1923 616 1964 uitam
643 1923 732 1965 uite
757 1923 955 1964 solitarie
981 1923 1172 1964 omnino
1191 1930 1463 1977 preponunt,
1487 1922 1688 1963 dicentes

162 2003 246 2031 nos
264 1990 426 2031 debere
447 1990 504 2030 acl
521 1991 933 2044 congregacionem
954 2004 1130 2031 currere
1150 1991 1187 2032 si
1207 1991 1265 2031 ad
1278 2004 1504 2032 summam
1518 1990 1686 2044 perfec-

160 2057 336 2097 cionem
365 2057 576 2110 cupimus
603 2058 877 2111 peruenire.1
939 2056 1111 2099 Contra
1140 2072 1255 2112 quos
1284 2072 1374 2099 non
1402 2066 1468 2099 est
1493 2058 1685 2099 multum

161 2123 505 2176 disputandum,
528 2137 582 2165 eo
609 2125 732 2179 quod
761 2125 883 2166 illam
911 2126 1054 2167 solam
1085 2126 1225 2167 uitam
1255 2126 1468 2167 laudibus
1496 2124 1686 2166 efferunt

163 2203 300 2243 quam
333 2190 404 2232 uel
433 2198 582 2232 tenere
607 2193 800 2246 cupiunt
830 2194 900 2234 uel
928 2194 1086 2234 saltem
1113 2194 1171 2234 ad
1199 2194 1429 2236 modicum
1459 2206 1685 2247 cognoue-

165 2262 284 2296 runt.
369 2256 628 2298 Solitariam
672 2273 780 2300 uero
823 2260 963 2301 uitam
1007 2259 1174 2301 idcirco
1215 2274 1306 2301 non
1351 2261 1537 2302 laudant
1580 2261 1685 2316 quia

166 2322 393 2376 ignorant.
460 2322 540 2364 Est
562 2325 682 2366 enim
706 2326 800 2366 uita
822 2340 958 2380 quarn
982 2339 1114 2368 nemo
1136 2327 1181 2367 in
1204 2341 1336 2369 carne
1358 2329 1520 2370 uiuens
1541 2336 1687 2382 potest

163 2402 451 2443 cognoscere,
475 2391 561 2432 nisi
582 2391 655 2433 ille
675 2393 745 2434 cui
766 2408 793 2434 a
818 2393 917 2434 Deo
940 2393 1158 2435 donatum
1181 2402 1247 2435 est
1270 2394 1447 2443 habere,
1470 2404 1513 2436 et
1534 2395 1688 2438 nullus

161 2463 277 2497 certe
300 2457 355 2497 de
378 2456 462 2498 hac
483 2471 527 2498 re
554 2465 668 2499 recte
694 2459 876 2511 iudicat,
901 2459 957 2500 de
983 2474 1071 2514 qua
1094 2461 1245 2502 adhuc
1272 2462 1335 2502 illi
1360 2463 1577 2502 incertum
1603 2468 1683 2512 est,

166 2525 276 2579 quid
297 2532 338 2565 et
360 2526 592 2579 quomodo
611 2535 732 2581 agat.
797 2528 907 2569 Sine
926 2528 1068 2569 dubio
1085 2529 1178 2570 scio
1197 2530 1234 2571 si
1255 2543 1353 2570 earn
1375 2533 1686 2583 agnoscerent,

165 2592 270 2646 plus
299 2592 400 2633 aliis
429 2592 677 2637 laudarent.

220 2658 313 2699 Alii
354 2659 484 2712 peius
523 2667 671 2700 errant
711 2661 787 2715 qui
822 2661 1070 2702 solitariam
1110 2661 1249 2702 uitam
1288 2660 1613 2714 reprehendere
1645 2667 1687 2700 et

227 2762 254 2792 1.
284 2760 332 2802 (9)
361 2759 548 2791 “uenire''
