1881 2985
486 183 760 221 RELAPSES
802 183 869 218 OF
909 182 1397 222 CONTEMPLATIVES
1641 197 1706 232 235

180 306 222 341 et
243 299 650 342 abhominaciones
672 300 978 355 Egiptiorum.
1035 299 1156 353 Quia
1179 300 1224 340 in
1247 300 1430 342 caritate
1453 310 1703 346 cremantes

176 380 267 407 non
290 367 488 418 fuerunt,
517 367 787 408 suauitatem
809 367 1218 419 >contemplacionis
1245 369 1304 407 ita
1327 367 1520 408 tenuiter
1546 377 1587 410 et
1611 376 1702 410 tam

182 449 283 476 raro
300 437 485 489 experti,
507 436 629 491 quod
649 435 973 477 insufficientes
990 443 1139 476 essent
1160 442 1277 476 stare
1298 436 1408 476 dum
1430 442 1702 488 temptaren-

179 511 266 544 tur.
363 504 457 544 Aut
500 510 616 544 certe
657 503 804 544 affecti
838 502 960 543 tedio
985 510 1026 543 et
1059 502 1342 543 fastidientes
1374 516 1554 551 manna,
1588 501 1703 544 ollas
1726 513 1749 546 f.
1771 514 1834 547 86b

177 571 398 621 earnium,
436 571 617 618 scilicet,
651 568 806 610 affari1
840 573 954 613 inter
987 570 1225 624 epulantes
1273 576 1314 610 et
1363 568 1705 609 consolaciones

180 639 404 680 seculares
459 639 730 679 affectarent.
820 638 1018 678 Multum
1075 637 1259 691 quidem
1315 636 1434 677 ualet
1485 635 1542 676 ad
1598 648 1704 676 con-

179 711 402 758 temptum
424 706 583 746 mundi
604 705 878 746 desiderium
901 704 1077 746 celestis
1102 704 1243 758 regni,
1265 703 1517 757 appetitum
1535 701 1704 743 amoris

175 770 287 821 Dei3
332 778 373 812 et
417 772 475 812 ad
523 772 679 812 odium
726 772 911 825 peccati,
963 771 1084 824 iugis
1134 771 1271 811 leccio
1316 771 1413 811 siue
1464 769 1703 811 meditacio

178 847 437 881 sanctorum
459 840 695 881 librorum.
761 840 812 880 In
830 840 918 882 hiis
936 840 1057 880 enirn
1078 839 1245 880 utiliter
1266 839 1517 886 exercitata,
1538 838 1703 878 deuota

177 907 333 947 anima
363 915 403 948 et
434 908 591 948 edocta
624 915 778 949 contra
812 907 982 948 inimici
1026 906 1170 947 iacula
1213 906 1257 946 in
1305 912 1519 959 promptu
1568 904 1703 945 habet

180 974 479 1015 munimenta.
581 974 806 1015 Confusio
845 980 995 1014 autem
1032 973 1202 1014 diaboli
1243 980 1309 1013 est
1351 971 1537 1026 quando
1575 968 1702 1011 omni

178 1041 469 1095 temptacioni
511 1040 850 1094 pretendimus?
885 1040 1074 1082 uerbum
1115 1039 1216 1080 Dei.
1311 1039 1550 1093 Siquidem
1604 1050 1703 1079 sus-

178 1107 372 1148 tinentes
396 1114 522 1157 recte,
546 1114 587 1148 et
610 1114 843 1161 portantes
863 1107 907 1147 in
929 1107 1162 1161 paciencia
1185 1106 1368 1160 pondus
1389 1106 1478 1146 diei
1501 1113 1543 1146 et
1565 1111 1701 1152 estus,

177 1180 313 1228 atque
343 1174 497 1215 induci
528 1187 817 1228 nequaquam
847 1187 894 1215 se
920 1174 1121 1215 sinentes
1152 1174 1195 1213 in
1228 1173 1522 1214 dileccionem
1551 1172 1702 1213 dulce-

175 1241 297 1282 dinis
317 1241 551 1294 deceptiue
571 1256 580 1281 :
598 1248 701 1294 post
718 1241 887 1282 multas
903 1241 1125 1291 lacrimas,
1149 1241 1473 1293 oracionesque
1493 1239 1704 1280 assiduas

179 1308 587 1348 inflammabuntur
607 1321 760 1348 amore
780 1315 948 1356 eterno,
969 1314 1010 1348 et
1031 1307 1223 1348 calorem
1248 1308 1292 1347 in
1316 1321 1362 1348 se
1383 1307 1585 1348 sencient
1604 1305 1703 1347 sine

178 1375 267 1416 fine
321 1389 683 1429 permansurum,
737 1375 843 1430 quia
894 1375 938 1415 in
993 1375 1173 1415 illorum
1228 1374 1526 1415 meditacione
1580 1372 1705 1427 ignis

177 1444 450 1485 exardescet.

838 1605 950 1646 CAP.
975 1617 1044 1656 32.

179 1712 451 1766 (Instruccio
484 1712 541 1752 ad
575 1711 715 1752 uitam
751 1710 1168 1764 contemplatiuam,
1203 1710 1392 1760 orando,
1427 1707 1702 1755 meditando,

293 1779 551 1826 ieiunando,
582 1778 834 1832 uigilando,
871 1785 913 1818 et
947 1778 1002 1818 de
1033 1778 1399 1832 presumptuosis
1428 1776 1702 1830 contempla-

292 1846 398 1887 tiuis
422 1852 464 1886 et
488 1845 620 1893 ueris,
646 1859 698 1886 ac
722 1858 827 1886 uere
848 1858 1017 1886 canoro
1042 1844 1216 1897 iubilo.)

238 1936 420 1977 Electus
439 1936 579 1990 igitur
597 1935 654 1976 ad
674 1948 875 1976 amorem
896 1935 1087 1976 omnino
1105 1935 1253 1976 solum
1268 1935 1503 1976 Christum
1523 1941 1702 1989 optans,

179 2013 317 2054 seque
345 2001 389 2040 in
418 2009 619 2042 amatum
649 2002 995 2052 transformans,
1025 2003 1102 2056 qui
1132 2016 1212 2044 nec
1241 2010 1463 2043 terrenam
1492 2002 1702 2043 substan-

180 2067 294 2108 ciam
332 2067 480 2116 habet,
518 2082 598 2109 nec
630 2068 794 2109 habere
830 2070 1125 2122 concupiscit,
1166 2069 1246 2111 sed
1283 2083 1362 2123 per
1397 2069 1701 2110 uoluntariam

178 2141 491 2187 paupertatem
542 2134 777 2176 Christum
833 2149 1031 2190 sequens
1083 2150 1137 2177 ex
1192 2137 1385 2178 aliorum
1442 2136 1703 2177 elemosinis

179 2207 418 2241 contentus
440 2201 567 2249 uiuit,
592 2215 694 2242 cum
720 2202 838 2243 clara
862 2203 996 2243 fuerit
1017 2203 1116 2244 eius
1140 2204 1434 2254 consciencia,
1461 2204 1703 2258 celestique

179 2280 341 2319 sapore
362 2268 518 2309 suauis
538 2268 706 2317 effecta,
729 2276 873 2310 toturn
896 2283 972 2310 cor
992 2283 1125 2310 suum
1148 2271 1192 2310 in
1215 2284 1415 2311 amorem
1439 2270 1703 2311 Conditoris

178 2333 423 2380 effundet‚3
475 2346 516 2377 et
576 2336 807 2377 cotidiano
866 2337 1145 2378 incremento
1202 2338 1413 2391 supernis
1467 2336 1704 2378 desideriis

173 2401 386 2443 succendi
425 2401 660 2443 laborabit.
758 2403 924 2445 Omnis
959 2403 1185 2458 siquidem
1220 2403 1555 2445 abrenuncians
1597 2401 1703 2443 huic

181 2470 346 2517 seculo,
378 2469 417 2510 si
446 2470 553 2524 igne
586 2470 787 2524 Spiritus
818 2471 974 2513 Sancti
1004 2473 1221 2513 ueraciter
1252 2472 1377 2525 cupit
1411 2469 1699 2520 inflammari,

180 2537 381 2578 oracioni
411 2550 463 2578 ac
493 2538 781 2580 meditacioni
811 2539 1070 2579 incumbere
1096 2552 1187 2579 non
1220 2539 1448 2593 frigescat.
1515 2538 1583 2578 Ex
1614 2537 1703 2577 hiis

183 2618 380 2658 namque
434 2605 632 2647 lacrimis
685 2607 1007 2648 comitantibus
1047 2606 1227 2648 fauente
1267 2606 1453 2648 Christo
1487 2619 1614 2646 mens
1645 2605 1702 2646 ad

241 2709 268 2737 1.
306 2707 482 2749 Ducange.
518 2710 834 2748 “Affar13sentire.
855 2710 1093 2751 cognoscere.”

236 2751 265 2781 2·
307 2753 350 2795 (f)
374 2753 421 2795 (q)
449 2753 498 2795 (h)
519 2754 824 2794 “protendimus’'
908 2756 936 2787 3.
969 2754 1017 2796 (9)
1044 2753 1258 2785 “effundit.’‘
