1881 2985
256 212 322 257 196
558 212 688 247 HOW
725 210 968 248 PERFECT
1005 199 1151 247 LOVE
1189 208 1237 243 IS
1276 207 1487 244 GAINED

254 331 440 387 quidam
465 330 673 371 solebant
696 328 973 382 diligencius
997 338 1239 380 procurare
1264 324 1456 366 salutem
1482 323 1786 379 pulcherrime

253 397 398 439 forme
430 410 566 451 quam
595 396 817 450 despecte,
850 407 904 435 eo
934 392 1057 447 quod
1090 392 1244 446 plures
1274 392 1536 434 occasiones
1564 391 1700 433 habet
1727 391 1785 435 ad

255 464 573 505 induccionem
603 463 647 503 in
680 462 864 503 malum.
930 460 986 500 Et
1019 467 1180 500 natura
1204 459 1335 500 docet
1362 459 1511 513 magis
1543 457 1785 513 pulchrum

254 530 444 571 suauius
473 529 646 571 amari:
685 536 835 569 tamen
867 527 1077 569 ordinata
1107 526 1270 568 caritas
1299 526 1408 567 dicit
1438 527 1586 568 maius
1612 526 1786 568 bonum

256 597 406 652 magis
429 596 586 637 amari.
652 594 774 650 Quia
801 595 951 636 omnis
973 593 1276 648 pulchritudo
1300 593 1498 635 carnalis
1525 593 1682 634 fenum
1708 597 1788 637 est,

256 665 414 705 leuiter
449 676 751 712 euanescens;
804 662 988 704 bonitas
1019 674 1129 702 uero
1157 667 1405 716 permanet,
1443 666 1485 700 et
1520 672 1628 713 sepe
1661 658 1791 699 Deus

255 731 412 772 infima
443 738 485 772 et
518 731 730 784 despecta
762 729 923 770 mundi
953 727 1096 782 eligit,
1130 734 1172 768 et
1206 726 1348 768 forcia
1379 732 1422 766 et
1454 725 1645 779 pulchra
1673 725 1793 766 dere-

258 797 405 853 liquit.
486 796 624 838 Unde
659 796 703 836 in
736 795 916 849 psalmo
951 794 1122 836 dictum
1158 800 1236 844 est,
1277 793 1483 835 Tradidit
1516 793 1567 834 in
1603 791 1793 846 captiui-

257 871 395 907 tatem
428 865 644 905 uirtutem
672 877 828 904 eorum
859 868 900 904 et
934 860 1323 917 pulchritudinem
1358 875 1514 902 eorum
1547 860 1596 902 in
1626 872 1790 901 manus

256 931 469 973 inimici}
514 938 556 972 et
596 930 705 972 alibi
747 929 918 972 habens
961 926 1179 982 fiduciam
1221 928 1270 969 in
1315 925 1654 980 pulchritudine
1701 930 1792 974 tua,

255 998 479 1053 fornicata
509 998 595 1039 es.2
656 998 842 1039 Amoris
868 1004 934 1038 est
961 997 1103 1037 eciam
1132 1003 1330 1036 mentem
1362 993 1646 1049 liquefacere,
1675 993 1792 1035 sicut

257 1066 477 1119 scriptum
500 1072 581 1106 est.
644 1064 817 1105 Anima
840 1078 940 1105 mea
965 1062 1206 1117 liquefacta
1231 1068 1309 1111 est,
1330 1068 1381 1104 ut
1400 1062 1589 1103 dilectus
1616 1061 1794 1102 locutus

259 1133 362 1174 est.³
417 1133 561 1174 Amor
582 1133 703 1173 enim
726 1132 873 1173 dulcis
895 1140 937 1172 et
960 1129 1279 1182 deuotus]cor
1304 1130 1348 1170 in
1371 1129 1532 1171 diuina
1552 1127 1794 1170 dulcedine

258 1200 324 1242 sic
369 1199 566 1248 resoluit,
610 1198 734 1254 quod
776 1198 991 1239 uoluntas
1037 1198 1238 1238 hominis
1284 1210 1387 1238 cum
1427 1196 1663 1238 uoluntate
1706 1195 1792 1236 Dei

258 1267 454 1309 mirabili
500 1267 706 1308 amicicia
756 1267 926 1317 unitur,
983 1266 1027 1305 in
1074 1279 1163 1320 qua
1205 1264 1375 1305 unione
1420 1270 1546 1304 tanta
1590 1261 1799 1304 suauitas

260 1336 453 1377 feruoris
482 1336 682 1377 dulcoris
711 1343 752 1375 et
780 1335 960 1376 canoris
985 1334 1157 1374 amanti
1184 1334 1341 1374 animo
1369 1331 1628 1373 infunditur
1652 1342 1793 1385 quan-

260 1412 351 1445 tam
382 1403 590 1444 senciens
626 1416 717 1443 non
754 1409 902 1456 potest
933 1401 1192 1454 explanare.

320 1469 473 1510 Habet
509 1483 672 1523 nempe
707 1482 835 1509 amor
870 1469 964 1509 uim
1000 1467 1279 1518 diffusiuam,
1312 1466 1538 1508 unitiuam
1574 1473 1617 1507 et
1651 1473 1795 1506 trans-

262 1537 571 1581 formatiuam,
611 1535 889 1577 Diffusiuam
907 1541 1058 1576 autem
1078 1534 1185 1588 quia
1204 1533 1354 1574 radios
1373 1545 1452 1574 sue
1469 1531 1687 1572 bonitatis
1706 1543 1798 1570 non

260 1605 410 1646 solum
436 1604 598 1645 amicis
625 1610 666 1644 et
691 1602 981 1657 propinquis,
1008 1602 1087 1643 sed
1111 1601 1253 1641 eciam
1279 1599 1476 1640 inimicis
1504 1606 1546 1639 et
1572 1596 1801 1639 extraneis

263 1672 497 1713 diffundit.
562 1671 850 1713 Unitatiuam
882 1684 991 1711 uero
1024 1669 1131 1724 quia
1163 1675 1370 1709 amantes
1404 1680 1548 1707 unum
1582 1665 1716 1707 efficit
1751 1665 1796 1704 in

267 1739 428 1782 affectu
453 1747 494 1780 et
512 1738 760 1786 uoluntate,
781 1746 822 1778 et
846 1737 1080 1779 Christum
1103 1743 1145 1777 et
1166 1748 1348 1776 ornnem
1371 1740 1574 1775 sanctam
1597 1732 1798 1772 animam

266 1808 381 1848 unit.
446 1805 537 1860 Qui
563 1805 684 1846 enim
708 1804 894 1845 adheret
921 1803 1033 1850 Deo,
1057 1816 1178 1844 unus
1201 1802 1389 1855 spiritus
1413 1808 1492 1849 est,
1520 1813 1611 1840 non
1638 1806 1801 1838 natura

265 1874 345 1915 sed
392 1873 545 1928 gracia
592 1880 634 1913 et
682 1872 963 1925 idemptitate
1010 1869 1276 1911 uoluntatis.
1354 1866 1799 1908 Transformatiuam

267 1941 408 1981 eciam
462 1940 556 1980 uim
603 1939 739 1980 habet
786 1952 926 1985 amor,
976 1937 1083 1992 quia
1129 1944 1358 1977 amantem
1407 1935 1701 1976 transformat
1753 1934 1799 1974 in

264 2015 465 2049 amatum
493 2015 534 2048 et
558 2006 771 2048 transfert
796 2007 840 2046 in
867 2006 1036 2059 ipsum.
1101 2004 1238 2045 Unde
1266 2003 1391 2058 ignis
1415 2003 1617 2057 Spiritus
1643 2001 1800 2045 Sancti

269 2090 344 2118 cor
375 2076 498 2131 quod
528 2076 745 2116 ueraciter
775 2075 895 2128 capit
924 2082 1068 2115 totum
1101 2073 1314 2121 incendit,
1342 2079 1385 2113 et
1415 2071 1545 2126 quasi
1573 2070 1618 2110 in
1646 2070 1801 2124 ignem

264 2144 503 2194 conuertit,
531 2150 669 2197 atque
692 2143 737 2183 in
765 2142 887 2182 illam
916 2141 1109 2182 formam
1139 2138 1302 2193 redigit
1328 2152 1417 2193 que
1443 2138 1544 2178 Deo
1568 2136 1805 2179 simillima

271 2220 351 2253 est.
431 2210 652 2264 Alioquin
694 2222 784 2249 non
824 2209 1063 2249 diceretur.
1142 2205 1246 2260 Ego
1277 2204 1371 2245 dixi
1403 2202 1467 2244 dii
1500 2202 1608 2243 estis
1643 2208 1686 2241 et
1721 2198 1802 2239 filii

274 2279 437 2320 excelsi
460 2277 656 2319 ornnes.4
702 2277 836 2332 [Ego
866 2274 957 2316 dixi
983 2273 1046 2315 dii
1070 2273 1174 2314 estis
1205 2277 1246 2313 et
1269 2270 1355 2325 filii
1383 2269 1544 2311 excelsi
1571 2269 1772 2311 omnes.5

330 2346 449 2386 Nam
488 2345 674 2400 quidam
712 2343 923 2384 homines
951 2341 1015 2383 sic
1048 2353 1095 2381 se
1128 2338 1324 2379 inuicem
1359 2344 1642 2386 amauerunt,
1680 2336 1805 2392 quod

277 2427 393 2468 pene
432 2413 663 2455 crederent
704 2424 795 2451 non
837 2409 923 2450 nisi
964 2421 1103 2449 unam
1142 2405 1343 2446 animam
1382 2417 1479 2445 esse
1515 2403 1560 2443 in
1594 2408 1801 2456 utroque.

277 2480 459 2534 Pauper
471 2486 621 2520 autem
637 2476 771 2519 rebus
792 2475 948 2526 seculi,
962 2473 1175 2528 quamuis
1191 2471 1325 2512 fuerit
1350 2476 1499 2512 mente
1511 2468 1655 2518 diues,
1670 2466 1808 2520 longe

337 2594 365 2623 1.
393 2590 527 2624 Psalm.
553 2592 603 2630 77,
628 2591 678 2620 61.
748 2590 776 2619 2.
804 2586 946 2626 E'zeclc.,
966 2587 1017 2624 16,
1040 2586 1088 2615 15.
1161 2584 1189 2614 3.
1218 2582 1336 2622 Cant„
1363 2583 1394 2622 5,
1421 2582 1451 2612 6.
1703 2620 1709 2626 ·

337 2639 367 2668 4.
396 2635 429 2668 N
433 2638 552 2667 ewton
562 2634 628 2666 has
644 2631 790 2664 written
807 2631 892 2663 here
909 2626 1150 2671 “Capitulum
1166 2628 1247 2658 octo
1263 2625 1441 2658 decimum
1460 2623 1602 2665 require
1624 2620 1713 2655 alibi
1732 2632 1755 2657 a
1781 2618 1814 2653 .”

274 2679 351 2712 The
381 2677 585 2712 remainder
614 2676 650 2708 of
674 2675 738 2708 the
762 2674 925 2717 chapter,
952 2669 1104 2705 marked
1129 2668 1218 2701 with
1249 2668 1313 2702 the
1344 2668 1424 2710 sign
1457 2679 1481 2704 ε
1515 2666 1547 2698 is
1576 2676 1622 2698 on
1653 2676 1675 2698 a
1705 2661 1812 2696 small.

274 2722 434 2756 inserted
451 2720 551 2761 folio,
581 2720 655 2752 78b.

342 2769 373 2800 5.
400 2765 534 2798 Psalm.
553 2765 606 2805 81,
627 2765 656 2794 6.
