<?xml version="1.0" encoding="UTF-8"?>
<!DOCTYPE html PUBLIC "-//W3C//DTD XHTML 1.0 Transitional//EN"
    "http://www.w3.org/TR/xhtml1/DTD/xhtml1-transitional.dtd">
<html xmlns="http://www.w3.org/1999/xhtml" xml:lang="en" lang="en">
 <head>
  <title>
</title>
<meta http-equiv="Content-Type" content="text/html;charset=utf-8" />
  <meta name='ocr-system' content='tesseract 3.04.00' />
  <meta name='ocr-capabilities' content='ocr_page ocr_carea ocr_par ocr_line ocrx_word'/>
</head>
<body>
  <div class='ocr_page' id='page_1' title='image "./incendiumamoris00rolluoft_0181.png"; bbox 0 0 1809 3036; ppageno 0'>
   <div class='ocr_carea' id='block_1_1' title="bbox 542 188 1650 234">
    <p class='ocr_par' dir='ltr' id='par_1_1' title="bbox 542 188 1650 234">
     <span class='ocr_line' id='line_1_1' title="bbox 542 188 1650 234; baseline 0 -10"><span class='ocrx_word' id='word_1_1' title='bbox 542 188 881 227; x_wconf 88' lang='lat' dir='ltr'>PERFECTION</span> <span class='ocrx_word' id='word_1_2' title='bbox 909 188 1087 226; x_wconf 87' lang='lat' dir='ltr'>AFTER</span> <span class='ocrx_word' id='word_1_3' title='bbox 1112 188 1238 227; x_wconf 89' lang='lat' dir='ltr'>TOIL</span> <span class='ocrx_word' id='word_1_4' title='bbox 1588 199 1650 234; x_wconf 90' lang='lat'>151</span> 
     </span>
    </p>
   </div>
   <div class='ocr_carea' id='block_1_2' title="bbox 802 376 987 418">
    <p class='ocr_par' dir='ltr' id='par_1_2' title="bbox 802 376 987 418">
     <span class='ocr_line' id='line_1_2' title="bbox 802 376 987 418; baseline -0.011 0"><span class='ocrx_word' id='word_1_5' title='bbox 802 376 912 418; x_wconf 86' lang='lat' dir='ltr'><strong>CAP.</strong></span> <span class='ocrx_word' id='word_1_6' title='bbox 949 389 987 417; x_wconf 90' lang='lat'>2.</span> 
     </span>
    </p>
   </div>
   <div class='ocr_carea' id='block_1_3' title="bbox 167 488 1632 615">
    <p class='ocr_par' dir='ltr' id='par_1_3' title="bbox 167 488 1632 615">
     <span class='ocr_line' id='line_1_3' title="bbox 167 488 1632 544; baseline -0.001 -14"><span class='ocrx_word' id='word_1_7' title='bbox 167 488 323 544; x_wconf 74' lang='lat' dir='ltr'>(Quod</span> <span class='ocrx_word' id='word_1_8' title='bbox 347 503 482 530; x_wconf 90' lang='lat' dir='ltr'>nemo</span> <span class='ocrx_word' id='word_1_9' title='bbox 501 490 588 532; x_wconf 91' lang='lat' dir='ltr'>cito</span> <span class='ocrx_word' id='word_1_10' title='bbox 610 490 827 544; x_wconf 78' lang='lat' dir='ltr'>pertingit</span> <span class='ocrx_word' id='word_1_11' title='bbox 844 489 901 530; x_wconf 92' lang='lat' dir='ltr'>ad</span> <span class='ocrx_word' id='word_1_12' title='bbox 921 502 1147 531; x_wconf 89' lang='lat' dir='ltr'>summam</span> <span class='ocrx_word' id='word_1_13' title='bbox 1168 488 1464 529; x_wconf 89' lang='lat' dir='ltr'>deuocionem</span> <span class='ocrx_word' id='word_1_14' title='bbox 1488 500 1632 542; x_wconf 90' lang='lat' dir='ltr'>neque</span> 
     </span>
     <span class='ocr_line' id='line_1_4' title="bbox 417 561 1384 615; baseline -0.001 -13"><span class='ocrx_word' id='word_1_15' title='bbox 417 562 657 603; x_wconf 82' lang='lat' dir='ltr'><strong>dulcedine</strong></span> <span class='ocrx_word' id='word_1_16' title='bbox 684 561 1089 615; x_wconf 88' lang='lat' dir='ltr'>contemplacionis</span> <span class='ocrx_word' id='word_1_17' title='bbox 1118 561 1384 613; x_wconf 87' lang='lat' dir='ltr'>debriatur.)</span> 
     </span>
    </p>
   </div>
   <div class='ocr_carea' id='block_1_4' title="bbox 135 672 1793 2692">
    <p class='ocr_par' dir='ltr' id='par_1_4' title="bbox 137 672 1793 1267">
     <span class='ocr_line' id='line_1_5' title="bbox 196 672 1793 729; baseline -0.001 -15"><span class='ocrx_word' id='word_1_18' title='bbox 196 674 494 716; x_wconf 80' lang='lat' dir='ltr'>Manifestum</span> <span class='ocrx_word' id='word_1_19' title='bbox 528 683 593 717; x_wconf 92' lang='lat' dir='ltr'>est</span> <span class='ocrx_word' id='word_1_20' title='bbox 625 682 776 716; x_wconf 87' lang='lat' dir='ltr'>autem</span> <span class='ocrx_word' id='word_1_21' title='bbox 810 675 1073 717; x_wconf 89' lang='lat' dir='ltr'>amantibus</span> <span class='ocrx_word' id='word_1_22' title='bbox 1106 675 1228 729; x_wconf 89' lang='lat' dir='ltr'>quod</span> <span class='ocrx_word' id='word_1_23' title='bbox 1265 675 1309 715; x_wconf 89' lang='lat' dir='ltr'>in</span> <span class='ocrx_word' id='word_1_24' title='bbox 1340 674 1502 728; x_wconf 90' lang='lat' dir='ltr'>primis</span> <span class='ocrx_word' id='word_1_25' title='bbox 1529 672 1665 714; x_wconf 89' lang='lat' dir='ltr'>annis</span> <span class='ocrx_word' id='word_1_26' title='bbox 1683 680 1793 714; x_wconf 70' lang='lat' dir='ltr'>f.65b</span> 
     </span>
     <span class='ocr_line' id='line_1_6' title="bbox 140 740 1664 797; baseline -0.002 -14"><span class='ocrx_word' id='word_1_27' title='bbox 140 755 275 783; x_wconf 90' lang='lat' dir='ltr'>nemo</span> <span class='ocrx_word' id='word_1_28' title='bbox 303 742 361 783; x_wconf 90' lang='lat' dir='ltr'>ad</span> <span class='ocrx_word' id='word_1_29' title='bbox 396 757 622 785; x_wconf 86' lang='lat' dir='ltr'>summam</span> <span class='ocrx_word' id='word_1_30' title='bbox 658 743 953 785; x_wconf 91' lang='lat' dir='ltr'>deuocionem</span> <span class='ocrx_word' id='word_1_31' title='bbox 991 742 1210 797; x_wconf 86' lang='lat' dir='ltr'>pertingit</span> <span class='ocrx_word' id='word_1_32' title='bbox 1246 755 1392 796; x_wconf 92' lang='lat' dir='ltr'>neque</span> <span class='ocrx_word' id='word_1_33' title='bbox 1424 740 1664 782; x_wconf 83' lang='lat' dir='ltr'>dulcedine</span> 
     </span>
     <span class='ocr_line' id='line_1_7' title="bbox 137 808 1663 863; baseline -0.003 -13"><span class='ocrx_word' id='word_1_34' title='bbox 137 809 543 863; x_wconf 82' lang='lat' dir='ltr'>contemplacionis</span> <span class='ocrx_word' id='word_1_35' title='bbox 569 810 812 851; x_wconf 77' lang='lat' dir='ltr'>debriatur.</span> <span class='ocrx_word' id='word_1_36' title='bbox 880 809 1027 850; x_wconf 91' lang='lat' dir='ltr'>Immo</span> <span class='ocrx_word' id='word_1_37' title='bbox 1052 808 1129 850; x_wconf 80' lang='lat' dir='ltr'>uix</span> <span class='ocrx_word' id='word_1_38' title='bbox 1157 822 1258 849; x_wconf 88' lang='lat' dir='ltr'>raro</span> <span class='ocrx_word' id='word_1_39' title='bbox 1281 815 1324 848; x_wconf 88' lang='lat' dir='ltr'>et</span> <span class='ocrx_word' id='word_1_40' title='bbox 1349 814 1663 848; x_wconf 79' lang='lat' dir='ltr'>momentanee</span> 
     </span>
     <span class='ocr_line' id='line_1_8' title="bbox 137 873 1662 932; baseline -0.003 -15"><span class='ocrx_word' id='word_1_41' title='bbox 137 877 196 917; x_wconf 89' lang='lat' dir='ltr'>ad</span> <span class='ocrx_word' id='word_1_42' title='bbox 229 877 509 932; x_wconf 87' lang='lat' dir='ltr'>gustandum</span> <span class='ocrx_word' id='word_1_43' title='bbox 536 877 710 932; x_wconf 90' lang='lat' dir='ltr'>aliquid</span> <span class='ocrx_word' id='word_1_44' title='bbox 743 878 798 918; x_wconf 94' lang='lat' dir='ltr'>de</span> <span class='ocrx_word' id='word_1_45' title='bbox 827 877 1038 930; x_wconf 87' lang='lat' dir='ltr'>supernis</span> <span class='ocrx_word' id='word_1_46' title='bbox 1066 876 1331 924; x_wconf 81' lang='lat' dir='ltr'>admittitur,</span> <span class='ocrx_word' id='word_1_47' title='bbox 1367 883 1409 916; x_wconf 94' lang='lat' dir='ltr'>et</span> <span class='ocrx_word' id='word_1_48' title='bbox 1443 873 1662 929; x_wconf 90' lang='lat' dir='ltr'>paulatim</span> 
     </span>
     <span class='ocr_line' id='line_1_9' title="bbox 138 943 1661 998; baseline -0.002 -14"><span class='ocrx_word' id='word_1_49' title='bbox 138 944 382 998; x_wconf 92' lang='lat' dir='ltr'>proficiens</span> <span class='ocrx_word' id='word_1_50' title='bbox 415 945 597 986; x_wconf 90' lang='lat' dir='ltr'>tandem</span> <span class='ocrx_word' id='word_1_51' title='bbox 633 945 678 985; x_wconf 92' lang='lat' dir='ltr'>in</span> <span class='ocrx_word' id='word_1_52' title='bbox 707 945 868 998; x_wconf 90' lang='lat' dir='ltr'>spiritu</span> <span class='ocrx_word' id='word_1_53' title='bbox 900 945 1151 985; x_wconf 91' lang='lat' dir='ltr'>roboratur.</span> <span class='ocrx_word' id='word_1_54' title='bbox 1230 943 1407 984; x_wconf 89' lang='lat' dir='ltr'>Deinde</span> <span class='ocrx_word' id='word_1_55' title='bbox 1435 957 1539 985; x_wconf 89' lang='lat' dir='ltr'>cum</span> <span class='ocrx_word' id='word_1_56' title='bbox 1574 943 1661 982; x_wconf 91' lang='lat' dir='ltr'>iam</span> 
     </span>
     <span class='ocr_line' id='line_1_10' title="bbox 141 1011 1665 1066; baseline -0.001 -15"><span class='ocrx_word' id='word_1_57' title='bbox 141 1012 411 1066; x_wconf 86' lang='lat' dir='ltr'>grauitatem</span> <span class='ocrx_word' id='word_1_58' title='bbox 442 1026 619 1053; x_wconf 88' lang='lat' dir='ltr'>morum</span> <span class='ocrx_word' id='word_1_59' title='bbox 648 1013 824 1066; x_wconf 89' lang='lat' dir='ltr'>accipit,</span> <span class='ocrx_word' id='word_1_60' title='bbox 852 1019 894 1052; x_wconf 92' lang='lat' dir='ltr'>et</span> <span class='ocrx_word' id='word_1_61' title='bbox 922 1012 980 1052; x_wconf 92' lang='lat' dir='ltr'>ad</span> <span class='ocrx_word' id='word_1_62' title='bbox 1009 1012 1174 1053; x_wconf 91' lang='lat' dir='ltr'>mentis</span> <span class='ocrx_word' id='word_1_63' title='bbox 1200 1011 1504 1059; x_wconf 82' lang='lat' dir='ltr'>stabilitatem,</span> <span class='ocrx_word' id='word_1_64' title='bbox 1531 1016 1665 1064; x_wconf 90' lang='lat' dir='ltr'>prout</span> 
     </span>
     <span class='ocr_line' id='line_1_11' title="bbox 140 1077 1664 1133; baseline -0.002 -13"><span class='ocrx_word' id='word_1_65' title='bbox 140 1078 419 1121; x_wconf 86' lang='lat' dir='ltr'>mutabilitas</span> <span class='ocrx_word' id='word_1_66' title='bbox 442 1092 628 1132; x_wconf 83' lang='lat' dir='ltr'>presens</span> <span class='ocrx_word' id='word_1_67' title='bbox 649 1079 830 1133; x_wconf 90' lang='lat' dir='ltr'>patitur,</span> <span class='ocrx_word' id='word_1_68' title='bbox 850 1078 1067 1127; x_wconf 88' lang='lat' dir='ltr'>ascendit,</span> <span class='ocrx_word' id='word_1_69' title='bbox 1092 1078 1276 1133; x_wconf 83' lang='lat' dir='ltr'>magnis</span> <span class='ocrx_word' id='word_1_70' title='bbox 1295 1077 1478 1132; x_wconf 91' lang='lat' dir='ltr'>quidem</span> <span class='ocrx_word' id='word_1_71' title='bbox 1504 1077 1664 1119; x_wconf 90' lang='lat' dir='ltr'>labori-</span> 
     </span>
     <span class='ocr_line' id='line_1_12' title="bbox 140 1144 1664 1200; baseline -0.003 -13"><span class='ocrx_word' id='word_1_72' title='bbox 140 1146 227 1187; x_wconf 92' lang='lat' dir='ltr'>bus</span> <span class='ocrx_word' id='word_1_73' title='bbox 278 1145 471 1200; x_wconf 90' lang='lat' dir='ltr'>quedam</span> <span class='ocrx_word' id='word_1_74' title='bbox 524 1146 747 1199; x_wconf 84' lang='lat' dir='ltr'>perfeccio</span> <span class='ocrx_word' id='word_1_75' title='bbox 791 1145 1059 1200; x_wconf 90' lang='lat' dir='ltr'>adquiritur,</span> <span class='ocrx_word' id='word_1_76' title='bbox 1108 1152 1155 1186; x_wconf 90' lang='lat' dir='ltr'>ut</span> <span class='ocrx_word' id='word_1_77' title='bbox 1202 1145 1247 1184; x_wconf 91' lang='lat' dir='ltr'>in</span> <span class='ocrx_word' id='word_1_78' title='bbox 1299 1144 1458 1185; x_wconf 90' lang='lat' dir='ltr'>diuino</span> <span class='ocrx_word' id='word_1_79' title='bbox 1510 1156 1664 1185; x_wconf 88' lang='lat' dir='ltr'>amore</span> 
     </span>
     <span class='ocr_line' id='line_1_13' title="bbox 140 1214 635 1267; baseline 0.002 -14"><span class='ocrx_word' id='word_1_80' title='bbox 140 1214 361 1267; x_wconf 87' lang='lat' dir='ltr'>gaudium</span> <span class='ocrx_word' id='word_1_81' title='bbox 394 1214 635 1255; x_wconf 89' lang='lat' dir='ltr'>senciatur.</span> 
     </span>
    </p>

    <p class='ocr_par' dir='ltr' id='par_1_5' title="bbox 135 1279 1771 2692">
     <span class='ocr_line' id='line_1_14' title="bbox 199 1279 1664 1335; baseline -0.003 -13"><span class='ocrx_word' id='word_1_82' title='bbox 199 1280 527 1322; x_wconf 90' lang='lat' dir='ltr'>Uerumtamen</span> <span class='ocrx_word' id='word_1_83' title='bbox 558 1281 735 1322; x_wconf 90' lang='lat' dir='ltr'>uidetur</span> <span class='ocrx_word' id='word_1_84' title='bbox 758 1281 880 1335; x_wconf 88' lang='lat' dir='ltr'>quod</span> <span class='ocrx_word' id='word_1_85' title='bbox 908 1293 1067 1321; x_wconf 89' lang='lat' dir='ltr'>omnes</span> <span class='ocrx_word' id='word_1_86' title='bbox 1093 1287 1134 1320; x_wconf 92' lang='lat' dir='ltr'>et</span> <span class='ocrx_word' id='word_1_87' title='bbox 1159 1279 1391 1334; x_wconf 81' lang='lat' dir='ltr'>magnifici</span> <span class='ocrx_word' id='word_1_88' title='bbox 1424 1281 1468 1320; x_wconf 94' lang='lat' dir='ltr'>in</span> <span class='ocrx_word' id='word_1_89' title='bbox 1500 1280 1664 1322; x_wconf 90' lang='lat' dir='ltr'>uirtute</span> 
     </span>
     <span class='ocr_line' id='line_1_15' title="bbox 139 1348 1663 1392; baseline -0.002 -3"><span class='ocrx_word' id='word_1_90' title='bbox 139 1349 291 1390; x_wconf 90' lang='lat' dir='ltr'>statim</span> <span class='ocrx_word' id='word_1_91' title='bbox 320 1349 513 1389; x_wconf 89' lang='lat' dir='ltr'>calorem</span> <span class='ocrx_word' id='word_1_92' title='bbox 542 1349 734 1389; x_wconf 84' lang='lat' dir='ltr'>increate</span> <span class='ocrx_word' id='word_1_93' title='bbox 758 1348 829 1390; x_wconf 92' lang='lat' dir='ltr'>uel</span> <span class='ocrx_word' id='word_1_94' title='bbox 852 1355 997 1390; x_wconf 90' lang='lat' dir='ltr'>create</span> <span class='ocrx_word' id='word_1_95' title='bbox 1017 1348 1217 1389; x_wconf 88' lang='lat' dir='ltr'>caritatis</span> <span class='ocrx_word' id='word_1_96' title='bbox 1243 1348 1417 1389; x_wconf 87' lang='lat' dir='ltr'>realiter</span> <span class='ocrx_word' id='word_1_97' title='bbox 1442 1348 1663 1392; x_wconf 89' lang='lat' dir='ltr'>senciunt,</span> 
     </span>
     <span class='ocr_line' id='line_1_16' title="bbox 140 1414 1664 1470; baseline -0.002 -13"><span class='ocrx_word' id='word_1_98' title='bbox 140 1423 182 1457; x_wconf 91' lang='lat' dir='ltr'>et</span> <span class='ocrx_word' id='word_1_99' title='bbox 211 1417 436 1457; x_wconf 88' lang='lat' dir='ltr'>immenso</span> <span class='ocrx_word' id='word_1_100' title='bbox 464 1416 633 1457; x_wconf 89' lang='lat' dir='ltr'>amoris</span> <span class='ocrx_word' id='word_1_101' title='bbox 664 1416 875 1456; x_wconf 92' lang='lat' dir='ltr'>incendio</span> <span class='ocrx_word' id='word_1_102' title='bbox 906 1416 1218 1470; x_wconf 83' lang='lat' dir='ltr'>liquescentes,</span> <span class='ocrx_word' id='word_1_103' title='bbox 1251 1416 1476 1458; x_wconf 90' lang='lat' dir='ltr'>canticum</span> <span class='ocrx_word' id='word_1_104' title='bbox 1507 1414 1664 1456; x_wconf 86' lang='lat' dir='ltr'>diuine</span> 
     </span>
     <span class='ocr_line' id='line_1_17' title="bbox 139 1483 1667 1525; baseline -0.001 -1"><span class='ocrx_word' id='word_1_105' title='bbox 139 1483 289 1524; x_wconf 90' lang='lat' dir='ltr'>laudis</span> <span class='ocrx_word' id='word_1_106' title='bbox 315 1484 431 1524; x_wconf 87' lang='lat' dir='ltr'>intra</span> <span class='ocrx_word' id='word_1_107' title='bbox 453 1497 500 1524; x_wconf 90' lang='lat' dir='ltr'>se</span> <span class='ocrx_word' id='word_1_108' title='bbox 542 1491 716 1525; x_wconf 90' lang='lat' dir='ltr'>canunt.</span> <span class='ocrx_word' id='word_1_109' title='bbox 771 1483 1082 1525; x_wconf 84' lang='lat' dir='ltr'>Absconditur</span> <span class='ocrx_word' id='word_1_110' title='bbox 1108 1483 1228 1524; x_wconf 89' lang='lat' dir='ltr'>enim</span> <span class='ocrx_word' id='word_1_111' title='bbox 1258 1483 1344 1525; x_wconf 92' lang='lat' dir='ltr'>hoc</span> <span class='ocrx_word' id='word_1_112' title='bbox 1369 1483 1617 1524; x_wconf 91' lang='lat' dir='ltr'>misterium</span> <span class='ocrx_word' id='word_1_113' title='bbox 1641 1497 1667 1523; x_wconf 91' lang='lat' dir='ltr'>a</span> 
     </span>
     <span class='ocr_line' id='line_1_18' title="bbox 139 1549 1665 1606; baseline -0.002 -14"><span class='ocrx_word' id='word_1_114' title='bbox 139 1552 307 1600; x_wconf 89' lang='lat' dir='ltr'>multis,</span> <span class='ocrx_word' id='word_1_115' title='bbox 350 1559 392 1592; x_wconf 89' lang='lat' dir='ltr'>et</span> <span class='ocrx_word' id='word_1_116' title='bbox 433 1552 591 1606; x_wconf 88' lang='lat' dir='ltr'>paucis</span> <span class='ocrx_word' id='word_1_117' title='bbox 631 1558 671 1592; x_wconf 92' lang='lat' dir='ltr'>et</span> <span class='ocrx_word' id='word_1_118' title='bbox 711 1551 1053 1604; x_wconf 88' lang='lat' dir='ltr'>specialissimis</span> <span class='ocrx_word' id='word_1_119' title='bbox 1094 1550 1330 1591; x_wconf 84' lang='lat' dir='ltr'>reuelatur.</span> <span class='ocrx_word' id='word_1_120' title='bbox 1408 1549 1529 1604; x_wconf 72' lang='lat' dir='ltr'>Quia</span> <span class='ocrx_word' id='word_1_121' title='bbox 1573 1562 1665 1604; x_wconf 93' lang='lat' dir='ltr'>quo</span> 
     </span>
     <span class='ocr_line' id='line_1_19' title="bbox 139 1617 1664 1674; baseline -0.001 -15"><span class='ocrx_word' id='word_1_122' title='bbox 139 1620 310 1674; x_wconf 85' lang='lat' dir='ltr'>gradus</span> <span class='ocrx_word' id='word_1_123' title='bbox 341 1620 423 1660; x_wconf 91' lang='lat' dir='ltr'>iste</span> <span class='ocrx_word' id='word_1_124' title='bbox 450 1620 689 1661; x_wconf 89' lang='lat' dir='ltr'>sublimior</span> <span class='ocrx_word' id='word_1_125' title='bbox 715 1626 794 1667; x_wconf 88' lang='lat' dir='ltr'>est,</span> <span class='ocrx_word' id='word_1_126' title='bbox 824 1633 877 1660; x_wconf 90' lang='lat' dir='ltr'>eo</span> <span class='ocrx_word' id='word_1_127' title='bbox 905 1619 949 1659; x_wconf 92' lang='lat' dir='ltr'>in</span> <span class='ocrx_word' id='word_1_128' title='bbox 980 1619 1064 1660; x_wconf 91' lang='lat' dir='ltr'>hoc</span> <span class='ocrx_word' id='word_1_129' title='bbox 1090 1618 1244 1660; x_wconf 90' lang='lat' dir='ltr'>seculo</span> <span class='ocrx_word' id='word_1_130' title='bbox 1270 1618 1508 1672; x_wconf 88' lang='lat' dir='ltr'>pauciores</span> <span class='ocrx_word' id='word_1_131' title='bbox 1529 1617 1664 1658; x_wconf 91' lang='lat' dir='ltr'>habet</span> 
     </span>
     <span class='ocr_line' id='line_1_20' title="bbox 138 1687 1662 1741; baseline -0.003 -13"><span class='ocrx_word' id='word_1_132' title='bbox 138 1688 413 1729; x_wconf 89' lang='lat' dir='ltr'>inuentores.</span> <span class='ocrx_word' id='word_1_133' title='bbox 494 1687 620 1727; x_wconf 85' lang='lat' dir='ltr'>Raro</span> <span class='ocrx_word' id='word_1_134' title='bbox 659 1687 873 1728; x_wconf 90' lang='lat' dir='ltr'>nimirum</span> <span class='ocrx_word' id='word_1_135' title='bbox 915 1687 1176 1728; x_wconf 92' lang='lat' dir='ltr'>inuenimus</span> <span class='ocrx_word' id='word_1_136' title='bbox 1215 1687 1414 1741; x_wconf 90' lang='lat' dir='ltr'>aliquem</span> <span class='ocrx_word' id='word_1_137' title='bbox 1455 1692 1662 1727; x_wconf 89' lang='lat' dir='ltr'>sanctum</span> 
     </span>
     <span class='ocr_line' id='line_1_21' title="bbox 139 1753 1661 1809; baseline -0.003 -12"><span class='ocrx_word' id='word_1_138' title='bbox 139 1755 211 1798; x_wconf 84' lang='lat' dir='ltr'>uel</span> <span class='ocrx_word' id='word_1_139' title='bbox 239 1756 379 1796; x_wconf 90' lang='lat' dir='ltr'>eciam</span> <span class='ocrx_word' id='word_1_140' title='bbox 408 1755 656 1809; x_wconf 81' lang='lat' dir='ltr'>perfectum</span> <span class='ocrx_word' id='word_1_141' title='bbox 686 1756 730 1795; x_wconf 89' lang='lat' dir='ltr'>in</span> <span class='ocrx_word' id='word_1_142' title='bbox 760 1755 843 1795; x_wconf 90' lang='lat' dir='ltr'>hac</span> <span class='ocrx_word' id='word_1_143' title='bbox 872 1755 964 1797; x_wconf 89' lang='lat' dir='ltr'>uita</span> <span class='ocrx_word' id='word_1_144' title='bbox 993 1762 1120 1795; x_wconf 92' lang='lat' dir='ltr'>tanto</span> <span class='ocrx_word' id='word_1_145' title='bbox 1148 1768 1301 1795; x_wconf 91' lang='lat' dir='ltr'>amore</span> <span class='ocrx_word' id='word_1_146' title='bbox 1329 1761 1506 1807; x_wconf 88' lang='lat' dir='ltr'>raptum</span> <span class='ocrx_word' id='word_1_147' title='bbox 1539 1761 1587 1796; x_wconf 89' lang='lat' dir='ltr'>ut</span> <span class='ocrx_word' id='word_1_148' title='bbox 1616 1753 1661 1793; x_wconf 92' lang='lat' dir='ltr'>in</span> 
     </span>
     <span class='ocr_line' id='line_1_22' title="bbox 135 1821 1663 1877; baseline -0.002 -13"><span class='ocrx_word' id='word_1_149' title='bbox 135 1823 573 1876; x_wconf 90' lang='lat' dir='ltr'>contemplacionem</span> <span class='ocrx_word' id='word_1_150' title='bbox 607 1837 749 1877; x_wconf 94' lang='lat' dir='ltr'>usque</span> <span class='ocrx_word' id='word_1_151' title='bbox 780 1823 838 1864; x_wconf 89' lang='lat' dir='ltr'>ad</span> <span class='ocrx_word' id='word_1_152' title='bbox 871 1823 1051 1865; x_wconf 86' lang='lat' dir='ltr'>canoris</span> <span class='ocrx_word' id='word_1_153' title='bbox 1081 1822 1273 1864; x_wconf 88' lang='lat' dir='ltr'>iubilum</span> <span class='ocrx_word' id='word_1_154' title='bbox 1305 1822 1568 1870; x_wconf 81' lang='lat' dir='ltr'>eleuaretur,</span> <span class='ocrx_word' id='word_1_155' title='bbox 1603 1821 1663 1861; x_wconf 93' lang='lat' dir='ltr'>ita</span> 
     </span>
     <span class='ocr_line' id='line_1_23' title="bbox 137 1889 1663 1944; baseline -0.003 -11"><span class='ocrx_word' id='word_1_156' title='bbox 137 1891 306 1933; x_wconf 87' lang='lat' dir='ltr'>scilicet</span> <span class='ocrx_word' id='word_1_157' title='bbox 333 1899 380 1933; x_wconf 90' lang='lat' dir='ltr'>ut</span> <span class='ocrx_word' id='word_1_158' title='bbox 407 1891 452 1931; x_wconf 89' lang='lat' dir='ltr'>in</span> <span class='ocrx_word' id='word_1_159' title='bbox 477 1905 525 1932; x_wconf 92' lang='lat' dir='ltr'>se</span> <span class='ocrx_word' id='word_1_160' title='bbox 549 1891 796 1944; x_wconf 89' lang='lat' dir='ltr'>susciperet</span> <span class='ocrx_word' id='word_1_161' title='bbox 821 1905 985 1932; x_wconf 93' lang='lat' dir='ltr'>sonum</span> <span class='ocrx_word' id='word_1_162' title='bbox 1011 1890 1176 1933; x_wconf 90' lang='lat' dir='ltr'>celicus</span> <span class='ocrx_word' id='word_1_163' title='bbox 1198 1891 1415 1938; x_wconf 80' lang='lat' dir='ltr'>infusum,</span> <span class='ocrx_word' id='word_1_164' title='bbox 1440 1897 1482 1930; x_wconf 89' lang='lat' dir='ltr'>et</span> <span class='ocrx_word' id='word_1_165' title='bbox 1507 1889 1663 1931; x_wconf 90' lang='lat' dir='ltr'>laudes</span> 
     </span>
     <span class='ocr_line' id='line_1_24' title="bbox 140 1958 1663 2014; baseline -0.002 -15"><span class='ocrx_word' id='word_1_166' title='bbox 140 1958 239 2000; x_wconf 91' lang='lat' dir='ltr'>Deo</span> <span class='ocrx_word' id='word_1_167' title='bbox 259 1960 388 2014; x_wconf 90' lang='lat' dir='ltr'>quasi</span> <span class='ocrx_word' id='word_1_168' title='bbox 408 1973 510 2001; x_wconf 91' lang='lat' dir='ltr'>cum</span> <span class='ocrx_word' id='word_1_169' title='bbox 530 1959 725 2000; x_wconf 91' lang='lat' dir='ltr'>melodia</span> <span class='ocrx_word' id='word_1_170' title='bbox 747 1966 986 2008; x_wconf 84' lang='lat' dir='ltr'>resonaret,</span> <span class='ocrx_word' id='word_1_171' title='bbox 1006 1958 1161 2000; x_wconf 88' lang='lat' dir='ltr'>dulces</span> <span class='ocrx_word' id='word_1_172' title='bbox 1185 1959 1355 2000; x_wconf 81' lang='lat' dir='ltr'>faciens</span> <span class='ocrx_word' id='word_1_173' title='bbox 1377 1958 1600 2007; x_wconf 90' lang='lat' dir='ltr'>modulos,</span> <span class='ocrx_word' id='word_1_174' title='bbox 1620 1963 1663 1997; x_wconf 91' lang='lat' dir='ltr'>et</span> 
     </span>
     <span class='ocr_line' id='line_1_25' title="bbox 137 2027 1662 2081; baseline -0.001 -15"><span class='ocrx_word' id='word_1_175' title='bbox 137 2034 384 2080; x_wconf 90' lang='lat' dir='ltr'>pneumata</span> <span class='ocrx_word' id='word_1_176' title='bbox 408 2027 548 2068; x_wconf 91' lang='lat' dir='ltr'>multa</span> <span class='ocrx_word' id='word_1_177' title='bbox 572 2027 804 2068; x_wconf 90' lang='lat' dir='ltr'>laudando</span> <span class='ocrx_word' id='word_1_178' title='bbox 825 2027 1125 2081; x_wconf 87' lang='lat' dir='ltr'>supernaliter</span> <span class='ocrx_word' id='word_1_179' title='bbox 1147 2039 1439 2079; x_wconf 87' lang='lat' dir='ltr'>componens,</span> <span class='ocrx_word' id='word_1_180' title='bbox 1461 2033 1597 2080; x_wconf 88' lang='lat' dir='ltr'>atque</span> <span class='ocrx_word' id='word_1_181' title='bbox 1616 2031 1662 2067; x_wconf 91' lang='lat' dir='ltr'>ut</span> 
     </span>
     <span class='ocr_line' id='line_1_26' title="bbox 138 2092 1662 2148; baseline 0 -15"><span class='ocrx_word' id='word_1_182' title='bbox 138 2094 184 2133; x_wconf 93' lang='lat' dir='ltr'>in</span> <span class='ocrx_word' id='word_1_183' title='bbox 213 2095 460 2147; x_wconf 89' lang='lat' dir='ltr'>semetipso</span> <span class='ocrx_word' id='word_1_184' title='bbox 487 2094 734 2136; x_wconf 82' lang='lat' dir='ltr'>ueraciterl</span> <span class='ocrx_word' id='word_1_185' title='bbox 764 2095 948 2135; x_wconf 89' lang='lat' dir='ltr'>sentiret</span> <span class='ocrx_word' id='word_1_186' title='bbox 979 2095 1129 2148; x_wconf 87' lang='lat' dir='ltr'>ipsum</span> <span class='ocrx_word' id='word_1_187' title='bbox 1160 2094 1367 2135; x_wconf 88' lang='lat' dir='ltr'>ardorem</span> <span class='ocrx_word' id='word_1_188' title='bbox 1399 2092 1662 2135; x_wconf 91' lang='lat' dir='ltr'>dileccionis</span> 
     </span>
     <span class='ocr_line' id='line_1_27' title="bbox 140 2161 1662 2216; baseline -0.001 -14"><span class='ocrx_word' id='word_1_189' title='bbox 140 2161 241 2202; x_wconf 88' lang='lat' dir='ltr'>Dei.</span> <span class='ocrx_word' id='word_1_190' title='bbox 295 2162 412 2203; x_wconf 90' lang='lat' dir='ltr'>Cum</span> <span class='ocrx_word' id='word_1_191' title='bbox 435 2169 584 2202; x_wconf 90' lang='lat' dir='ltr'>tamen</span> <span class='ocrx_word' id='word_1_192' title='bbox 608 2163 772 2204; x_wconf 91' lang='lat' dir='ltr'>mirum</span> <span class='ocrx_word' id='word_1_193' title='bbox 797 2163 867 2210; x_wconf 88' lang='lat' dir='ltr'>sit,</span> <span class='ocrx_word' id='word_1_194' title='bbox 888 2163 926 2204; x_wconf 93' lang='lat' dir='ltr'>si</span> <span class='ocrx_word' id='word_1_195' title='bbox 946 2162 1075 2203; x_wconf 88' lang='lat' dir='ltr'>aliter</span> <span class='ocrx_word' id='word_1_196' title='bbox 1092 2162 1260 2216; x_wconf 88' lang='lat' dir='ltr'>aliquis</span> <span class='ocrx_word' id='word_1_197' title='bbox 1279 2161 1662 2215; x_wconf 87' lang='lat' dir='ltr'>contemplatiuus</span> 
     </span>
     <span class='ocr_line' id='line_1_28' title="bbox 137 2229 1662 2285; baseline -0.001 -15"><span class='ocrx_word' id='word_1_198' title='bbox 137 2229 321 2270; x_wconf 90' lang='lat' dir='ltr'>auderet</span> <span class='ocrx_word' id='word_1_199' title='bbox 338 2229 550 2278; x_wconf 88' lang='lat' dir='ltr'>estimari,</span> <span class='ocrx_word' id='word_1_200' title='bbox 572 2231 677 2285; x_wconf 91' lang='lat' dir='ltr'>quia</span> <span class='ocrx_word' id='word_1_201' title='bbox 697 2230 934 2284; x_wconf 89' lang='lat' dir='ltr'>psalmista</span> <span class='ocrx_word' id='word_1_202' title='bbox 955 2244 1002 2271; x_wconf 94' lang='lat' dir='ltr'>se</span> <span class='ocrx_word' id='word_1_203' title='bbox 1024 2230 1068 2270; x_wconf 90' lang='lat' dir='ltr'>in</span> <span class='ocrx_word' id='word_1_204' title='bbox 1092 2244 1333 2284; x_wconf 90' lang='lat' dir='ltr'>personam</span> <span class='ocrx_word' id='word_1_205' title='bbox 1358 2230 1442 2272; x_wconf 90' lang='lat' dir='ltr'>uiri</span> <span class='ocrx_word' id='word_1_206' title='bbox 1466 2236 1662 2272; x_wconf 91' lang='lat' dir='ltr'>contem-</span> 
     </span>
     <span class='ocr_line' id='line_1_29' title="bbox 136 2296 1771 2350; baseline 0.003 -14"><span class='ocrx_word' id='word_1_207' title='bbox 136 2296 297 2350; x_wconf 85' lang='lat' dir='ltr'>platiui</span> <span class='ocrx_word' id='word_1_208' title='bbox 327 2297 659 2339; x_wconf 84' lang='lat' dir='ltr'>transformans</span> <span class='ocrx_word' id='word_1_209' title='bbox 682 2298 773 2338; x_wconf 89' lang='lat' dir='ltr'>ait:</span> <span class='ocrx_word' id='word_1_210' title='bbox 814 2297 1036 2339; x_wconf 72' lang='lat' dir='ltr'>Transibo</span> <span class='ocrx_word' id='word_1_211' title='bbox 1063 2298 1112 2339; x_wconf 76' lang='lat' dir='ltr'>in</span> <span class='ocrx_word' id='word_1_212' title='bbox 1143 2299 1329 2339; x_wconf 80' lang='lat' dir='ltr'>domum</span> <span class='ocrx_word' id='word_1_213' title='bbox 1367 2299 1455 2341; x_wconf 69' lang='lat' dir='ltr'>Dei</span> <span class='ocrx_word' id='word_1_214' title='bbox 1477 2299 1525 2340; x_wconf 79' lang='lat' dir='ltr'>in</span> <span class='ocrx_word' id='word_1_215' title='bbox 1547 2310 1656 2338; x_wconf 84' lang='lat' dir='ltr'>uoce</span> <span class='ocrx_word' id='word_1_216' title='bbox 1685 2305 1709 2340; x_wconf 79' lang='lat' dir='ltr'>f.</span> <span class='ocrx_word' id='word_1_217' title='bbox 1729 2309 1771 2340; x_wconf 85' lang='lat'>66</span> 
     </span>
     <span class='ocr_line' id='line_1_30' title="bbox 139 2364 1665 2421; baseline 0.001 -17"><span class='ocrx_word' id='word_1_218' title='bbox 139 2364 435 2405; x_wconf 77' lang='lat' dir='ltr'>exultaciom&#39;s</span> <span class='ocrx_word' id='word_1_219' title='bbox 479 2371 519 2407; x_wconf 78' lang='lat' dir='ltr'>et</span> <span class='ocrx_word' id='word_1_220' title='bbox 563 2365 876 2418; x_wconf 74' lang='lat' dir='ltr'>confessioniS,</span> <span class='ocrx_word' id='word_1_221' title='bbox 924 2366 1093 2407; x_wconf 89' lang='lat' dir='ltr'>scilicet</span> <span class='ocrx_word' id='word_1_222' title='bbox 1137 2366 1287 2408; x_wconf 88' lang='lat' dir='ltr'>laudis</span> <span class='ocrx_word' id='word_1_223' title='bbox 1332 2380 1419 2421; x_wconf 91' lang='lat' dir='ltr'>que</span> <span class='ocrx_word' id='word_1_224' title='bbox 1459 2366 1559 2407; x_wconf 90' lang='lat' dir='ltr'>laus</span> <span class='ocrx_word' id='word_1_225' title='bbox 1599 2372 1665 2406; x_wconf 90' lang='lat' dir='ltr'>est</span> 
     </span>
     <span class='ocr_line' id='line_1_31' title="bbox 137 2432 1664 2487; baseline -0.001 -14"><span class='ocrx_word' id='word_1_226' title='bbox 137 2446 278 2473; x_wconf 79' lang='lat' dir='ltr'>sonus</span> <span class='ocrx_word' id='word_1_227' title='bbox 328 2433 598 2486; x_wconf 76' lang='lat' dir='ltr'>epulantis‚2</span> <span class='ocrx_word' id='word_1_228' title='bbox 643 2436 811 2477; x_wconf 86' lang='lat' dir='ltr'>scilicet</span> <span class='ocrx_word' id='word_1_229' title='bbox 860 2435 914 2475; x_wconf 93' lang='lat' dir='ltr'>de</span> <span class='ocrx_word' id='word_1_230' title='bbox 961 2447 1160 2487; x_wconf 88' lang='lat' dir='ltr'>superna</span> <span class='ocrx_word' id='word_1_231' title='bbox 1201 2434 1425 2476; x_wconf 89' lang='lat' dir='ltr'>suauitate</span> <span class='ocrx_word' id='word_1_232' title='bbox 1470 2432 1664 2473; x_wconf 89' lang='lat' dir='ltr'>letantis.</span> 
     </span>
     <span class='ocr_line' id='line_1_32' title="bbox 139 2500 1659 2556; baseline -0.001 -16"><span class='ocrx_word' id='word_1_233' title='bbox 139 2500 283 2541; x_wconf 92' lang='lat' dir='ltr'>Porro</span> <span class='ocrx_word' id='word_1_234' title='bbox 309 2501 492 2554; x_wconf 82' lang='lat' dir='ltr'>perfecti</span> <span class='ocrx_word' id='word_1_235' title='bbox 520 2502 597 2556; x_wconf 92' lang='lat' dir='ltr'>qui</span> <span class='ocrx_word' id='word_1_236' title='bbox 625 2502 670 2542; x_wconf 93' lang='lat' dir='ltr'>in</span> <span class='ocrx_word' id='word_1_237' title='bbox 702 2502 818 2543; x_wconf 90' lang='lat' dir='ltr'>hanc</span> <span class='ocrx_word' id='word_1_238' title='bbox 846 2501 1114 2542; x_wconf 81' lang='lat' dir='ltr'>excellencie</span> <span class='ocrx_word' id='word_1_239' title='bbox 1142 2502 1478 2543; x_wconf 87' lang='lat' dir='ltr'>abundanciam</span> <span class='ocrx_word' id='word_1_240' title='bbox 1511 2508 1659 2541; x_wconf 86' lang='lat' dir='ltr'>eterne</span> 
     </span>
     <span class='ocr_line' id='line_1_33' title="bbox 138 2567 1661 2623; baseline -0.001 -15"><span class='ocrx_word' id='word_1_241' title='bbox 138 2568 342 2609; x_wconf 89' lang='lat' dir='ltr'>amicicie</span> <span class='ocrx_word' id='word_1_242' title='bbox 377 2577 685 2617; x_wconf 80' lang='lat' dir='ltr'>assumuntur,</span> <span class='ocrx_word' id='word_1_243' title='bbox 724 2570 769 2610; x_wconf 92' lang='lat' dir='ltr'>in</span> <span class='ocrx_word' id='word_1_244' title='bbox 808 2569 1011 2623; x_wconf 87' lang='lat' dir='ltr'>preclaro</span> <span class='ocrx_word' id='word_1_245' title='bbox 1038 2570 1177 2611; x_wconf 55' lang='lat' dir='ltr'>&lt;calice</span> <span class='ocrx_word' id='word_1_246' title='bbox 1214 2570 1411 2612; x_wconf 85' lang='lat' dir='ltr'>caritatis</span> <span class='ocrx_word' id='word_1_247' title='bbox 1448 2567 1661 2608; x_wconf 89' lang='lat' dir='ltr'>melliflue</span> 
     </span>
     <span class='ocr_line' id='line_1_34' title="bbox 139 2635 1663 2692; baseline -0.001 -16"><span class='ocrx_word' id='word_1_248' title='bbox 139 2635 322 2677; x_wconf 93' lang='lat' dir='ltr'>dulcore</span> <span class='ocrx_word' id='word_1_249' title='bbox 356 2635 577 2677; x_wconf 91' lang='lat' dir='ltr'>indelibili</span> <span class='ocrx_word' id='word_1_250' title='bbox 609 2637 698 2677; x_wconf 88' lang='lat' dir='ltr'>iarn</span> <span class='ocrx_word' id='word_1_251' title='bbox 730 2637 892 2678; x_wconf 89' lang='lat' dir='ltr'>imbuti</span> <span class='ocrx_word' id='word_1_252' title='bbox 930 2637 1106 2686; x_wconf 84' lang='lat' dir='ltr'>uiuunt,</span> <span class='ocrx_word' id='word_1_253' title='bbox 1142 2644 1278 2692; x_wconf 88' lang='lat' dir='ltr'>atque</span> <span class='ocrx_word' id='word_1_254' title='bbox 1318 2637 1362 2677; x_wconf 92' lang='lat' dir='ltr'>in</span> <span class='ocrx_word' id='word_1_255' title='bbox 1394 2635 1663 2689; x_wconf 88' lang='lat' dir='ltr'>almiphono</span> 
     </span>
    </p>
   </div>
   <div class='ocr_carea' id='block_1_5' title="bbox 181 2745 1000 2787">
    <p class='ocr_par' dir='ltr' id='par_1_6' title="bbox 181 2745 1000 2787">
     <span class='ocr_line' id='line_1_35' title="bbox 181 2745 1000 2787; baseline 0.002 -9"><span class='ocrx_word' id='word_1_256' title='bbox 181 2748 209 2778; x_wconf 89' lang='lat'>1.</span> <span class='ocrx_word' id='word_1_257' title='bbox 238 2745 591 2787; x_wconf 66' lang='lat' dir='ltr'>(J)“nat1uralit1er.&#39;&#39;</span> <span class='ocrx_word' id='word_1_258' title='bbox 679 2748 710 2779; x_wconf 89' lang='lat'>2.</span> <span class='ocrx_word' id='word_1_259' title='bbox 736 2747 874 2780; x_wconf 78' lang='lat' dir='ltr'>Psalm.</span> <span class='ocrx_word' id='word_1_260' title='bbox 898 2750 952 2786; x_wconf 87' lang='lat'>41,</span> <span class='ocrx_word' id='word_1_261' title='bbox 969 2749 1000 2780; x_wconf 91' lang='lat'>5.</span> 
     </span>
    </p>
   </div>
  </div>
 </body>
</html>
