1881 2985
551 169 662 206 THE
700 169 825 203 WAY
864 168 932 203 OF
970 166 1282 202 PURGATION
1615 178 1678 204 221

156 285 527 340 indignacionem
576 285 686 326 mihi
741 285 1084 338 imposuerunt:
1145 283 1440 337 quamobrem
1491 283 1676 324 tribula-

157 353 331 394 cionem
351 358 392 393 et
410 353 611 393 dolorem
628 351 798 404 inueni,
819 352 898 392 sed
914 365 1083 392 nomen
1100 350 1291 392 Domini
1310 350 1565 392 inuocaui.1

216 418 284 459 Ne
317 432 428 473 ergo
460 419 504 459 in
537 419 920 472 temptacionibus
949 417 1229 467 deficiamus,
1263 418 1320 459 ab
1351 418 1476 458 omni
1504 425 1678 459 terrena

156 486 372 539 cupidine
414 486 678 528 studeamus
721 484 975 526 lacescere‚2
1010 491 1051 524 et
1092 490 1242 524 eterne
1285 483 1429 538 glorie
1465 497 1677 525 coronam

161 552 325 606 iugiter
371 552 415 592 in
457 552 674 593 memoria
722 553 924 602 retinere,
975 558 1023 591 ut
1068 551 1314 605 uigilantes
1345 550 1516 591 inuenti
1580 562 1680 602 pro-

159 619 345 660 missam
399 620 725 660 beatitudinem
782 618 1067 671 recipiamus.
1157 617 1341 658 Interim
1395 624 1547 657 autem
1603 615 1680 656 tali

160 698 372 726 mensura
401 693 582 726 utamur
610 693 657 726 ut
679 686 827 727 carnis
856 685 1231 737 concupiscencia
1258 684 1466 726 funditus
1492 684 1680 738 restingi

155 751 317 802 ualeat,
352 753 721 806 corporalemque
747 752 1010 793 auiditatem
1039 752 1229 792 discrete
1258 764 1334 792 cor
1359 752 1548 802 deserat,
1581 764 1682 792 cum

161 834 328 874 corpus
361 821 405 860 in
443 821 637 862 seruicio
676 821 759 861 Dei
797 820 974 861 stabilis
1008 828 1050 860 et
1086 820 1215 862 fortis
1249 833 1427 872 semper
1459 818 1681 873 persistat.

157 886 248 942 Qui
276 889 396 928 enim
424 902 507 941 pro
534 901 686 928 amore
717 888 850 928 Ihesu
881 887 1034 928 omnia
1068 887 1279 941 relinquit
1310 887 1493 937 scilicet,
1524 885 1684 927 uolun-

163 963 297 996 tatem
346 956 543 997 habendi
595 956 771 1004 deserit,
810 964 850 997 et
890 969 1184 1009 perseuerans
1216 969 1267 996 ac
1303 954 1545 1008 proficiens
1580 966 1683 994 cum

163 1023 334 1077 gaudio
359 1024 475 1064 dicet
503 1024 669 1064 Inueni
699 1037 832 1077 quem
863 1022 1013 1076 diligit
1041 1022 1193 1063 anima
1218 1036 1317 1063 mea
1339 1021 1400 1074 :]3
1450 1021 1686 1063 Inuenitur

164 1091 285 1130 enim
316 1090 528 1132 Christus
558 1091 601 1130 in
627 1091 759 1132 corde
789 1091 974 1145 quando
1004 1090 1047 1130 in
1075 1090 1160 1131 hoc
1187 1090 1378 1131 sentitur
1405 1090 1526 1130 calor
1550 1088 1686 1130 dilec-

164 1156 311 1197 cionis
329 1163 493 1207 eterne,
519 1170 605 1210 que
624 1157 749 1209 cupit
768 1157 892 1211 queri
913 1157 1010 1198 sine
1031 1156 1235 1197 ficcione.
1300 1156 1546 1197 Descendit
1566 1155 1686 1196 enirn

167 1222 378 1264 Christus
406 1224 450 1263 in
473 1224 673 1264 animam
702 1224 745 1264 in
773 1224 932 1265 ardore
960 1224 1178 1265 mellifluo
1203 1232 1244 1265 et
1266 1238 1434 1265 canoro
1459 1224 1614 1272 iubilo,
1640 1230 1688 1264 ut

167 1290 244 1344 qui
267 1290 351 1331 hoc
373 1290 507 1331 habet
529 1291 749 1345 gaudium
771 1291 1000 1332 audaciter
1020 1291 1163 1341 dicat;
1189 1291 1395 1332 “Inueni
1417 1291 1685 1332 dilectum.“

169 1356 260 1411 Qui
283 1371 389 1398 uero
413 1357 521 1398 dum
541 1366 636 1398 orat
662 1365 856 1398 mentem
881 1358 1003 1398 uidet
1025 1372 1164 1411 sup-ra
1188 1366 1366 1408 tectum,
1390 1359 1531 1399 immo
1551 1372 1690 1411 supra

167 1437 432 1477 corporeum
452 1424 598 1465 celum
622 1425 864 1472 subleuari,
888 1425 924 1465 si
950 1438 1040 1465 non
1064 1424 1257 1475 deficiat,
1283 1425 1362 1466 sed
1385 1439 1563 1478 semper
1586 1424 1692 1478 plus

169 1498 211 1530 et
241 1491 345 1544 plus
375 1498 527 1531 eterna
556 1505 714 1544 sapere
745 1492 996 1532 inardescat
1024 1491 1266 1533 letabunde
1298 1492 1468 1533 Christi
1498 1493 1691 1534 clemen-

168 1559 284 1599 ciam
322 1565 536 1611 expectet,
577 1559 683 1612 quia
715 1558 833 1598 infra
870 1572 1040 1613 paucos
1076 1572 1225 1600 annos
1258 1559 1316 1600 ad
1354 1559 1554 1614 gloriosa
1586 1571 1692 1598 con-

170 1625 433 1678 templanda
502 1639 550 1667 se
618 1632 795 1678 raptum
867 1626 1049 1667 senciet.
1116 1626 1253 1667 Unde
1326 1626 1487 1667 humili
1561 1625 1694 1667 corde

172 1692 463 1745 proficiscens
495 1692 538 1732 in
573 1693 839 1747 profectum,
869 1693 1012 1734 donec
1043 1693 1101 1733 ad
1133 1700 1282 1734 eterne
1316 1693 1482 1747 quietis
1514 1706 1694 1734 consor-

172 1758 291 1799 cium
316 1760 587 1812 peruenerit,
619 1773 709 1800 non
738 1767 979 1813 torpescat.

231 1824 280 1865 Si
313 1832 463 1866 autem
498 1826 543 1866 in
577 1827 785 1867 oracione
817 1827 976 1868 oculus
1005 1827 1153 1869 cordis
1184 1828 1248 1868 tui
1281 1828 1339 1868 ad
1371 1828 1559 1869 celescia
1589 1841 1695 1869 con-

174 1892 436 1945 templanda
478 1893 663 1946 rapitur,
703 1894 961 1947 proximum
1002 1902 1067 1934 est
1104 1902 1151 1934 ut
1191 1894 1344 1935 anima
1390 1902 1467 1935 tua
1522 1903 1697 1936 terrena

175 1960 500 2001 transcendens
537 1961 581 2000 in
617 1974 769 2001 amore
807 1961 977 2002 Christi
1010 1961 1286 2015 proficiatur.
1385 1961 1476 2016 Qui
1513 1962 1696 2017 quidem
1718 1969 1826 2004 f.40b

175 2027 351 2067 orando
394 2027 599 2067 nondum
641 2027 699 2067 ad
740 2041 937 2080 superna
981 2028 1246 2076 sustollitur,
1293 2028 1512 2076 meditari,
1558 2040 1697 2073 orare,

178 2094 369 2148 uigilare
418 2107 507 2134 non
539 2102 683 2135 cesset
708 2095 922 2145 discrete;
957 2095 1101 2136 donec
1131 2095 1397 2136 sublimiora
1430 2094 1697 2148 speculetur,

181 2173 235 2200 ne
290 2161 335 2200 in
393 2168 508 2201 terra
565 2162 727 2210 iacens,
771 2162 1007 2216 angusciis
1047 2170 1088 2202 et
1131 2162 1356 2215 pressuris
1399 2161 1697 2203 conculcetur.

179 2226 482 2281 Egredimini,
525 2229 686 2282 inquit,
734 2228 825 2282 filie
867 2229 996 2278 Sion,
1042 2229 1226 2279 scilicet,
1275 2228 1366 2270 “O
1413 2241 1511 2278 uos,
1551 2226 1701 2266 anime

182 2296 385 2347 renate‚'’
415 2302 455 2337 et
478 2295 625 2338 uidete
654 2310 807 2351 regem
833 2297 1079 2339 Salomone
1105 2297 1153 2338 in
1183 2295 1452 2337 diademate4
1489 2296 1701 2350 [scilicet‚

184 2365 422 2419 intelligite
475 2364 710 2406 Christum
759 2379 862 2406 uere
916 2364 1169 2418 pacificum,
1222 2377 1307 2419 pro
1357 2364 1501 2405 salute
1550 2369 1703 2403 nostra

184 2445 386 2486 passum.
483 2432 714 2485 Respicite
755 2433 799 2472 in
839 2446 956 2479 eum,
989 2440 1030 2472 et
1070 2431 1284 2473 uidebitis
1318 2438 1454 2483 caput
1493 2428 1702 2470 diuinum

183 2498 331 2551 spinis
359 2506 637 2550 coronatum,
673 2499 832 2540 faciem
865 2505 1149 2551 consputam,
1178 2498 1336 2539 oculos
1367 2496 1594 2551 preclaros
1626 2507 1704 2548 pre

246 2571 273 2601 l.
299 2567 430 2603 Psalm.
463 2572 535 2609 114,
553 2572 581 2602 4.
627 2571 658 2602 2.
683 2570 724 2612 (γ’)
767 2569 1007 2607 uncorreeted,
1025 2568 1277 2602 “laetataceress'
1327 2569 1376 2609 (lc)
1401 2569 1418 2581 “
1434 2565 1693 2598 lacessescere.'’

246 2615 274 2646 3.
300 2614 399 2645 Cant.
439 2612 469 2652 3,
492 2615 520 2644 4.
570 2612 657 2644 This
678 2623 824 2654 passage
844 2613 957 2645 shows
978 2612 1056 2645 that
1076 2612 1138 2644 the
1159 2612 1240 2653 long
1256 2614 1337 2643 text
1355 2611 1383 2644 is
1405 2610 1623 2650 continuous,
1645 2609 1706 2640 the

177 2656 276 2688 short.
314 2667 358 2687 an
391 2655 624 2697 abridgment.

241 2704 269 2731 4.
300 2699 349 2741 (h)
378 2699 416 2740 (i)
446 2700 488 2741 (s)
519 2700 561 2740 (t)
590 2700 639 2741 (u)
669 2699 716 2740 (x)
771 2699 1003 2731 “diademate
1024 2700 1088 2730 etc.
1132 2698 1188 2738 (ef.
1238 2709 1269 2740 p.
1318 2699 1435 2737 22372).
1517 2696 1584 2736 Qui
1608 2695 1699 2728 enim

190 2743 404 2779 Christum.”
461 2743 562 2775 Cant.
583 2745 613 2781 3,
633 2744 664 2775 2.
1390 2748 1393 2749 ’
