1881 2985
230 187 296 221 186
620 188 732 225 THE
773 189 956 225 HOUSE
998 189 1066 224 OF
1107 189 1375 228 SOLITUDE

100 313 125 346 f.
145 312 209 348 75b
288 303 394 346 Non
437 304 558 345 enim
601 312 667 347 est
710 306 755 346 in
797 306 896 359 ipsa
937 305 1179 347 affluencia
1219 306 1374 361 aliqua
1413 308 1639 362 decepcio,
1683 308 1763 350 sed

228 371 391 425 pocius
418 372 625 414 omnium
649 380 833 414 actuum
863 373 1312 415 consummatissima
1342 375 1578 429 perfeccio,
1607 388 1763 431 quem-

228 438 478 481 admodum
507 439 693 494 quidam
720 440 1074 493 contemplatiue
1102 440 1193 490 uite
1220 440 1369 495 ignari
1395 455 1476 496 per
1497 442 1762 485 demonium

226 506 531 547 meridianum
556 507 569 531 1
598 507 644 547 in
674 507 872 561 quadam
902 507 1154 548 deuocione
1181 507 1297 549 falsa
1323 515 1365 548 et
1394 508 1496 549 ficta
1524 507 1760 559 falluntur,

229 575 337 630 quia
373 582 536 629 putant
567 589 615 617 se
651 589 859 617 summos
893 589 997 617 cum
1028 575 1265 618 inferiores
1300 584 1421 618 sunt.
1486 576 1578 618 Sed
1609 577 1764 617 anima

230 643 275 683 in
298 657 388 697 qua
410 643 494 683 tria
514 643 716 697 predicta
735 650 1011 684 concurrunt
1032 644 1215 697 penitus
1236 644 1592 697 imperforabilis
1611 650 1764 684 manet

228 724 255 751 a
280 710 461 765 sagittis
489 711 675 759 inimici,
702 711 812 752 dum
840 711 1006 765 iugiter
1031 711 1246 753 dilectum
1270 712 1481 766 cogitans
1506 712 1764 752 intencione

231 778 535 833 irrepercussa
565 792 613 819 se
648 779 783 833 erigit
812 778 869 819 ad
907 792 1098 832 superos
1135 785 1177 820 et
1211 779 1374 820 excitat
1408 780 1467 820 ad
1498 779 1763 821 amandum.

232 844 289 886 Et
315 859 406 886 non
438 845 663 886 miremini
695 846 732 886 si
761 846 913 886 anime
944 846 1003 886 ita
1030 846 1075 886 in
1104 859 1259 887 amore
1287 847 1493 887 ordinate
1523 847 1766 888 mandetur

230 912 439 960 melodia,
487 919 529 953 et
576 926 811 954 camenam
857 913 1005 967 capiat
1051 914 1265 955 continue
1309 914 1659 955 consolatoriam
1706 913 1764 954 ab

228 986 430 1020 amatore
467 980 582 1021 eius.
647 979 779 1022 Uiuit
811 981 932 1022 enim
972 981 1102 1036 quasi
1139 995 1230 1022 non
1271 990 1387 1023 esset
1425 983 1511 1023 sub
1552 982 1764 1030 uanitate,

229 1046 418 1089 suffulta
448 1047 614 1090 celicus
650 1055 698 1089 ut
731 1048 886 1089 ardeat
923 1049 1079 1103 utique
1116 1049 1160 1089 in
1193 1055 1398 1091 eternum
1436 1049 1481 1089 in
1516 1049 1765 1090 increatum

228 1114 439 1162 calorem,
468 1122 516 1155 ut
546 1128 783 1170 nunquam
812 1116 956 1164 cadat,
986 1130 1088 1157 cum
1119 1117 1270 1171 itaque
1300 1117 1578 1158 incessanter
1603 1116 1766 1158 arden-

229 1188 386 1237 terque
413 1189 548 1231 amat,
580 1183 697 1225 sicut
722 1184 1037 1236 supradictum
1071 1191 1150 1233 est,
1182 1185 1227 1224 in
1261 1198 1309 1226 se
1337 1185 1509 1226 senciat
1541 1185 1766 1225 feruorem

231 1250 546 1293 felicissimum
578 1260 619 1292 et
648 1251 760 1292 sciat
789 1265 836 1293 se
862 1252 1088 1293 subtiliter
1118 1252 1244 1293 exuri
1276 1252 1384 1306 igne
1412 1252 1553 1292 eterni
1583 1251 1766 1299 amoris,

229 1318 521 1371 persenciens
558 1319 905 1360 dilectissimum
939 1333 1073 1360 suum
1112 1319 1157 1359 in
1195 1319 1453 1360 desiderato
1483 1319 1680 1367 dulcore,
1720 1318 1765 1358 in

231 1386 458 1428 canticum
481 1386 626 1441 glorie
650 1393 852 1428 mutatur
870 1387 1123 1434 meditacio‚
1148 1394 1189 1427 et
1212 1394 1373 1428 natura
1398 1387 1617 1428 innouata
1639 1386 1767 1428 almi-

230 1452 387 1507 phona
438 1453 690 1495 inuoluitur
739 1454 997 1494 amenitate.
1091 1453 1402 1509 Quamobrem
1455 1454 1677 1496 concessit
1727 1453 1767 1494 ei

231 1519 456 1562 Conditor
485 1534 620 1576 quem
652 1528 748 1562 toto
771 1522 906 1562 corde
935 1522 1230 1575 concupiscit,
1259 1522 1451 1563 transire
1477 1522 1576 1563 sine
1606 1522 1768 1562 timore

231 1595 273 1629 et
301 1588 489 1630 tristicia
518 1603 545 1629 a
576 1602 763 1642 corpore
797 1589 1095 1642 corruptibili,
1124 1596 1173 1630 ut
1198 1590 1372 1644 absque
1407 1602 1580 1630 merore
1609 1589 1767 1630 mortis

231 1656 456 1698 mundum
491 1656 692 1706 deserat3
739 1670 826 1711 que
859 1657 1006 1697 amica
1040 1656 1154 1698 lucis
1188 1664 1229 1699 et
1261 1657 1445 1697 inimica
1477 1657 1765 1698 tenebrarum

231 1724 293 1764 nil
330 1724 416 1765 nisi
447 1724 587 1765 uitam
621 1724 822 1765 amabat.

291 1791 573 1833 Huiusmodi
601 1798 753 1832 autem
785 1791 1008 1839 homines,
1035 1792 1112 1846 qui
1144 1799 1235 1832 tam
1262 1792 1351 1832 alte
1381 1798 1680 1833 assumuntur
1709 1789 1768 1831 ad

229 1871 446 1907 amorem,
481 1871 563 1899 nec
592 1858 754 1900 officiis
790 1858 861 1900 uel
897 1858 1235 1913 prelacionibus
1270 1859 1571 1900 exterioribus
1600 1858 1767 1899 debent

230 1924 361 1979 elegi,
385 1938 558 1980 necque
577 1925 636 1966 ad
657 1925 845 1980 aliquod
865 1925 1065 1967 seculare
1088 1926 1332 1980 negocium
1358 1926 1525 1968 uocari.
1582 1925 1769 1968 Similes

230 2001 337 2034 sunt
364 1993 504 2047 lapidi
534 1993 717 2047 topazio
744 1994 822 2048 qui
855 2007 956 2034 raro
984 1993 1228 2042 inuenitur,
1259 2002 1301 2035 et
1332 1993 1435 2035 ideo
1461 1993 1696 2047 preciosus
1725 1999 1768 2033 et

233 2074 362 2102 rarus
385 2060 519 2102 ualde
545 2060 761 2111 habetur3
791 2061 863 2103 cui
893 2062 1049 2102 insunt
1073 2062 1166 2102 duo
1191 2061 1395 2102 colores:
1430 2075 1553 2103 unus
1578 2061 1768 2115 purissi-

233 2142 336 2170 mus
372 2136 438 2170 est
476 2129 607 2184 quasi
647 2143 823 2177 aurum,
868 2136 910 2169 et
951 2128 1062 2169 alter
1100 2128 1253 2170 clarus·
1290 2128 1421 2183 quasi
1461 2129 1623 2176 celum,
1664 2140 1768 2169 cum

230 2210 441 2238 serenum
484 2204 565 2238 est.
654 2196 904 2251 Uincitque
946 2196 1171 2237 claritates
1214 2196 1422 2237 omnium
1467 2207 1768 2251 gemmarum,

124 2271 148 2306 f.
169 2273 211 2308 76
233 2277 315 2305 nec
347 2270 413 2305 est
447 2264 603 2319 aliqua
638 2278 706 2305 res
746 2264 980 2318 pulchrior
1019 2264 1077 2305 ad
1119 2263 1388 2305 uidendum.
1466 2263 1624 2318 Siquis
1663 2276 1767 2305 eum

232 2332 394 2386 pollire
444 2332 651 2380 uoluerit,
702 2333 996 2382 obscuratur;
1063 2331 1101 2373 si
1155 2344 1264 2373 uero
1313 2344 1392 2385 per
1438 2344 1485 2372 se
1532 2330 1769 2385 reliquitur

232 2399 529 2453 pulchritudo
563 2400 661 2441 eius
700 2400 929 2441 retinetur.
994 2398 1073 2440 Sic
1108 2399 1253 2439 sancti
1287 2398 1630 2452 contemplatiui
1668 2397 1768 2446 uiri,

231 2468 288 2509 de
322 2468 492 2523 quibus
524 2467 688 2521 prefati
724 2481 897 2516 sumus,
935 2466 1152 2508 rarissimi
1183 2474 1291 2508 sunt
1322 2474 1363 2508 et
1394 2467 1497 2508 ideo
1525 2466 1764 2508 carissimi.

233 2536 364 2578 Auro
386 2535 559 2578 similes
585 2542 691 2577 sunt
719 2542 905 2589 propter
931 2535 1207 2576 eminentem
1234 2534 1459 2575 feruorem
1486 2533 1698 2582 caritatis,
1726 2539 1769 2573 et

232 2604 329 2646 celo
353 2611 538 2658 prop-ter
566 2604 814 2644 claritatem
844 2603 1023 2645 celestis
1048 2602 1432 2649 conuersacionis,
1459 2601 1536 2654 qui
1559 2599 1767 2641 omnium

233 2679 494 2714 sanctorum
526 2672 666 2714 uitam
696 2671 934 2720 excedunt,
967 2677 1009 2712 et
1043 2670 1146 2711 ideo
1176 2669 1462 2724 pulchriores
1491 2675 1534 2709 et
1565 2664 1768 2709 candidi-

299 2757 327 2788 1.
354 2755 399 2789 cf.
418 2755 554 2788 Psalm.
574 2756 630 2797 90,
645 2757 674 2789 6.
