1809 3036
381 237 721 274 ADvoWSONs
755 239 822 273 OF
849 238 1053 275 YEOVIL
1082 240 1195 273 AND
1232 240 1477 275 CROSTON
1624 251 1690 285 139

221 350 448 392 Martinus
473 352 744 406 Episcopus,
770 353 942 394 Seruus
961 367 1196 394 seruorum
1221 354 1322 405 Dei,
1349 355 1688 398 uenerabilibus

161 419 376 461 fratribus
402 421 745 475 archiepiscopo
775 422 1107 470 Cantuariensi‚
1137 429 1179 462 et
1207 423 1424 477 episcopo
1452 423 1685 464 Londoni-

161 487 336 537 ensi,ac
355 486 518 528 dilecto
536 488 629 529 filio
651 489 820 530 Abbati
841 488 1101 529 monasterii
1119 489 1175 530 de
1193 496 1350 531 sancto
1372 489 1570 539 Albano,
1586 489 1688 530 Lin-

163 554 409 596 colniensis
437 556 645 607 diocesis,
680 557 869 598 salutem
898 564 939 598 et
970 557 1266 610 apostolicam
1299 558 1684 601 benediccionem.

163 621 344 676 Integre
370 623 634 666 deuocionis
664 632 704 665 et
736 625 1005 666 sinceritatis
1035 625 1223 667 affectus
1257 639 1390 680 quem
1423 626 1687 667 carissimus

164 689 209 729 in
243 689 428 731 Christo
462 690 584 732 filius
617 699 768 733 noster
804 691 1046 743 Henricus,
1080 705 1154 732 rex
1189 691 1359 745 Anglie
1394 691 1595 743 illustris,
1630 692 1689 732 ad

163 770 245 797 nos
276 764 316 797 et
350 757 608 799 Romanam
639 759 754 813 gerit
780 759 1013 800 ecclesiam
1041 767 1321 814 promeretur
1351 767 1399 800 ut
1426 760 1545 802 uotis
1571 759 1683 811 suis,

161 824 249 866 illis
276 827 510 879 presertim
537 840 623 881 que
647 841 771 868 sacre
794 827 1028 882 religionis
1053 835 1096 868 et
1122 828 1268 869 diuini
1294 828 1442 870 cultus
1464 840 1686 883 augmen—

161 900 256 932 tum
280 892 542 946 resp-iciunt‚
569 893 878 935 fauorabiliter
898 907 1171 945 annuamus,
1198 895 1333 936 hodie
1355 894 1581 948 siquidem
1606 907 1690 949 pro

160 968 285 1013 parte
312 961 418 1001 dicti
446 962 567 1015 regis
592 962 725 1003 nobis
745 962 953 1016 exposito
976 963 1099 1017 quod
1127 963 1223 1016 ipse
1248 963 1363 1003 inter
1387 963 1476 1003 alia
1506 975 1686 1003 monas-

160 1027 269 1067 teria
305 1034 347 1068 et
378 1027 474 1069 loca
509 1028 719 1083 religiosa
756 1029 801 1068 in
840 1043 982 1083 regno
1018 1029 1189 1084 Anglie
1226 1043 1305 1084 per
1340 1043 1443 1071 eum
1482 1029 1686 1077 fundata,

161 1095 418 1135 uenerabile
451 1096 775 1137 monasterium
807 1096 863 1136 de
896 1096 1023 1144 Sion,
1055 1096 1230 1137 ordinis
1257 1097 1400 1137 sancti
1433 1096 1685 1152 Augustini

159 1161 302 1201 sancti
327 1161 580 1203 Saluatoris
602 1162 865 1215 nuncupati,
892 1163 1230 1204 Londoniensis
1253 1163 1459 1211 diocesis,
1486 1177 1570 1217 pro
1597 1176 1687 1204 una

160 1228 391 1269 abbatissa
419 1242 505 1283 que
534 1229 620 1282 ipsi
650 1229 924 1270 monasterio
947 1230 1002 1270 de
1027 1229 1140 1271 Sion
1170 1244 1252 1283 pro
1281 1238 1482 1283 tempore
1509 1242 1688 1284 preesse

159 1296 352 1344 deberet,
381 1304 422 1337 et
450 1311 543 1338 uno
568 1297 825 1339 confessore
850 1311 902 1339 ac
927 1298 1028 1339 aliis
1057 1299 1291 1353 utriusque
1317 1312 1454 1340 sexus
1478 1298 1688 1353 personis

161 1363 273 1405 inibi
292 1377 375 1417 pro
396 1371 612 1417 tempore,
637 1364 847 1418 religiose
864 1366 948 1406 sub
970 1364 1126 1418 regula
1147 1372 1187 1405 et
1209 1365 1460 1407 secundum
1482 1365 1687 1406 instituta

159 1439 312 1473 sancte
362 1432 555 1486 Brigitte
607 1440 825 1485 perpetuo
873 1433 1062 1473 domino
1108 1433 1345 1474 seruituris
1394 1433 1690 1486 solempniter

159 1508 516 1555 sumptuoseque
555 1501 600 1540 in
640 1501 724 1541 Dei
762 1502 1090 1555 omnipotentis
1129 1502 1322 1550 laudem,
1359 1502 1505 1543 diuini
1537 1502 1687 1544 cultus

158 1574 471 1621 augmentum,
516 1567 841 1622 religionisque
884 1569 1270 1622 propagacionem
1312 1582 1363 1609 ac
1401 1582 1485 1623 pro
1526 1582 1606 1610 sue
1645 1576 1687 1609 et

158 1634 502 1688 progenitorum
528 1648 714 1676 suorum
740 1635 896 1676 diuine
921 1635 1136 1676 memorie
1162 1635 1334 1690 Anglie
1361 1649 1519 1689 regum
1542 1636 1686 1676 anim-

159 1715 287 1742 arum
316 1701 523 1752 salutem,
555 1702 840 1753 fundauerat,
871 1709 911 1742 et
940 1701 1053 1756 erigi
1082 1702 1270 1753 fecerat;
1300 1703 1521 1743 nonnulla
1546 1703 1687 1744 eciam

157 1769 246 1809 alia
271 1770 473 1811 eiusdem
494 1770 670 1811 ordinis
693 1771 966 1811 monasteria
985 1778 1026 1811 et
1050 1771 1146 1812 loca
1172 1771 1257 1811 Dei
1279 1772 1344 1813 sic
1371 1771 1456 1811 Dei
1480 1771 1688 1825 propicio

158 1837 352 1878 fundare
384 1844 427 1877 et
458 1837 612 1877 dotare
644 1844 929 1891 proponeret,
958 1850 1010 1877 ac
1046 1851 1128 1891 pro
1164 1845 1290 1891 parte
1326 1839 1528 1879 eiusdem
1566 1838 1688 1892 regis

162 1904 296 1945 nobis
331 1903 561 1944 humiliter
593 1904 863 1958 supplicato,
901 1911 943 1945 et
978 1904 1301 1945 fundacionem
1338 1912 1379 1946 et
1411 1905 1687 1946 ereccionem

160 1972 387 2026 predictas
421 1972 670 2025 apostolica
704 1973 969 2013 auctoritate
1003 1973 1220 2014 ratificare
1258 1981 1299 2013 et
1331 1974 1598 2027 approbare,
1636 1986 1689 2015 ac

159 2039 246 2080 sibi
292 2039 553 2080 huiusmodi
599 2039 687 2079 alia
732 2040 1005 2081 monasteria
1049 2046 1091 2079 et
1130 2040 1226 2080 loca
1267 2040 1469 2081 eiusdem
1512 2040 1688 2081 ordinis

160 2106 384 2146 fundandi
407 2112 449 2146 et
470 2106 657 2146 dotandi
683 2106 915 2146 licenciam
937 2106 1230 2157 concedendi,
1247 2106 1685 2150 necnondeYeuelel

161 2181 203 2214 et
219 2174 273 2214 de
293 2173 504 2225 Croston‚
527 2174 544 2198 2
564 2173 815 2215 Wellensis
832 2181 873 2214 et
892 2173 1253 2215 Lichefeldensis
1272 2174 1537 2227 diocesium,
1560 2187 1689 2229 paro-

160 2241 330 2282 chiales
382 2241 607 2292 ecclesias,
642 2255 834 2296 quarum
869 2242 941 2282 ius
973 2248 1254 2295 patronatus,
1290 2243 1413 2297 quod
1442 2243 1499 2283 ad
1535 2244 1686 2295 ipsum

165 2323 316 2364 regern
343 2310 566 2363 pertinere
596 2310 862 2361 dinoscitur,
899 2310 1017 2350 idem
1045 2323 1120 2350 rex
1150 2311 1207 2351 ad
1238 2310 1323 2352 hoc
1354 2311 1489 2352 libere
1518 2312 1690 2352 donare

162 2385 346 2430 paratus
377 2385 484 2428 erat,
520 2391 623 2419 cum
655 2378 870 2419 omnibus
902 2378 1077 2419 iuribus
1105 2386 1146 2418 et
1173 2379 1467 2431 pertinenciis
1497 2379 1607 2429 suis,
1640 2379 1685 2418 in

160 2453 286 2499 parte
304 2446 423 2486 dotis
439 2446 583 2487 eidem
605 2446 878 2487 monasterio
897 2446 951 2486 de
972 2445 1099 2494 Sion,
1115 2446 1237 2500 quod
1256 2447 1460 2487 nondum
1480 2447 1684 2487 dotatum

161 2520 278 2562 erat3
323 2519 365 2553 et
410 2513 532 2567 quod
577 2513 673 2566 ipse
711 2526 801 2564 rex,
845 2513 1034 2554 domino
1073 2513 1361 2564 concedente,
1407 2512 1594 2553 ulterius
1632 2512 1687 2552 de

164 2581 299 2622 bonis
339 2581 436 2622 suis
469 2581 741 2622 sufficienter
783 2581 938 2622 dotare
982 2581 1272 2621 intendebat:
1317 2581 1611 2635 appropriare
1647 2587 1688 2620 et

163 2650 481 2702 inperpetuum
507 2650 793 2702 incorporare
819 2657 860 2690 et
887 2649 1026 2700 unire,
1053 2649 1108 2689 de
1131 2649 1413 2703 benignitate
1437 2648 1685 2702 apostolica

164 2717 475 2770 dignaremur.

221 2807 248 2836 1.
276 2803 413 2842 Yeovil‚
448 2804 632 2836 Somerset.
892 2805 921 2835 2.
948 2803 1171 2836 Lancashire.
