1881 2985
684 210 825 244 MIND
867 209 981 243 AND
1024 208 1168 243 BODY
1625 219 1691 253 249

164 332 206 367 et
227 326 551 369 meditaciones
571 326 800 367 mirabiles
819 325 903 367 soli
925 325 1026 365 Deo
1040 324 1262 365 fauentes.
1326 322 1427 378 Que
1449 324 1685 374 ruminate,

164 400 205 433 et
235 392 280 432 in
306 392 389 434 hac
418 400 566 433 mente
592 406 695 434 cum
723 392 978 432 intencione
994 397 1192 441 extense,
1226 390 1371 444 ipsam
1399 389 1686 430 ineffabiliter

163 459 377 506 afficiunt,
401 467 443 500 et
464 473 566 500 cum
588 473 756 514 magna
779 459 1081 500 delectacione
1101 465 1143 498 et
1164 457 1388 499 suauitate
1406 454 1606 510 spiritus,
1627 456 1684 497 ad

163 525 598 578 contemplacionem
625 538 926 578 supernorum
949 525 1134 574 ducunt,
1157 531 1199 565 et
1217 525 1275 565 ab
1300 524 1504 576 appetitu
1529 522 1685 564 solacii

162 591 409 632 mundialis
433 599 703 646 expurgant,
727 600 774 632 ut
796 598 971 631 amator
998 590 1083 631 Dei
1109 590 1221 630 nihil
1245 597 1401 644 querat
1422 589 1467 629 in
1491 588 1680 639 mundo,

162 656 250 697 nisi
277 663 325 697 ut
356 657 500 710 possit
528 657 572 697 in
601 657 846 698 solitudine
876 657 1080 707 existere,
1113 663 1155 697 et
1187 656 1248 697 ibi
1278 655 1388 697 solis
1420 654 1684 697 Conditoris

161 723 231 764 sui
260 723 497 765 desideriis
524 737 700 765 uacare.
788 724 953 764 Postea
975 736 1084 764 uero
1107 723 1280 763 fortiter
1306 730 1347 763 et
1376 723 1491 764 bene
1519 721 1683 763 exerci-
1707 733 1731 765 f.
1751 733 1814 767 90b

162 796 293 838 tatus,
361 791 536 831 orando
595 804 647 831 ac
715 790 977 831 meditando
1042 803 1219 831 summe
1286 789 1425 844 quieti
1490 789 1684 837 deditus,

159 869 340 897 ornnem
363 857 636 898 interficiens
658 857 933 910 impietatem
950 865 991 898 et
1015 856 1374 907 immundiciam,
1398 856 1685 908 arduumque

161 922 242 963 iter
312 923 535 976 arripiens
606 937 709 965 curn
781 924 1071 972 discrecione,
1145 924 1438 965 uehementer
1506 923 1684 978 proficit

160 989 205 1029 in
300 990 465 1031 uirtute
561 991 731 1032 amoris
827 991 981 1039 eterni,
1080 991 1374 1045 ascenditque
1472 991 1683 1044 superius

158 1055 346 1098 affectus
435 1057 544 1106 eius,
637 1058 682 1098 in
768 1058 889 1112 quod
976 1058 1109 1099 oculo
1195 1058 1379 1099 mentali
1472 1058 1684 1099 introitus

157 1123 371 1176 aperitur,
471 1124 516 1164 in
608 1125 924 1178 speculacione
1015 1124 1319 1165 misteriorum
1425 1125 1679 1167 celescium.

160 1190 325 1243 Incipit
355 1204 537 1245 quoque
562 1192 698 1232 ardor
723 1205 856 1246 quem
885 1199 1017 1233 antea
1043 1206 1134 1233 non
1161 1192 1347 1234 sentiuit
1373 1193 1558 1234 animus
1583 1192 1681 1232 eius

154 1258 358 1308 adurere,
384 1266 426 1298 et
449 1259 494 1298 in
517 1259 601 1300 hoc
623 1259 732 1300 dum
750 1267 998 1312 occupatur
1018 1260 1062 1299 in
1086 1259 1287 1307 utilibus,
1313 1273 1434 1301 nunc
1458 1259 1682 1300 intensius

156 1338 278 1366 nunc
311 1326 544 1367 remissius
575 1333 751 1367 estuare
783 1334 917 1380 prout
950 1327 1168 1380 permittit
1198 1327 1556 1380 corruptibilitas
1583 1340 1679 1367 cor-

154 1391 280 1445 poris
311 1392 511 1433 animam
541 1394 853 1447 aggrauantis,
886 1401 928 1434 et
962 1393 1101 1435 uariis
1134 1394 1363 1435 molesciis
1393 1407 1500 1447 sepe
1532 1393 1678 1447 depri-

154 1455 331 1503 mentis,
357 1463 405 1496 ut
427 1457 567 1497 eciam
597 1457 697 1510 ipsa
721 1458 874 1498 anima
903 1458 1039 1499 celica
1067 1458 1292 1499 suauitate
1316 1458 1516 1506 delinita,
1542 1464 1679 1511 atque

153 1522 396 1565 blandiciis
415 1524 626 1576 supernis
648 1524 888 1578 respirans,
911 1524 1201 1578 semetipsam
1223 1524 1417 1565 multum
1437 1525 1608 1565 animet
1631 1524 1677 1564 in

153 1589 378 1630 desiderio
411 1590 691 1643 egrediendi,
733 1598 774 1630 et
811 1590 952 1631 eciam
982 1603 1028 1631 se
1065 1591 1211 1632 tedeat
1249 1604 1429 1632 manere
1463 1591 1507 1631 in
1545 1604 1678 1633 carne

153 1657 348 1698 mortali.
427 1656 789 1711 Uerumptamen
850 1658 1039 1699 libenter
1095 1659 1288 1700 sustinet
1344 1658 1538 1699 aduersa
1589 1670 1676 1712 que

150 1724 437 1778 contingunt,
459 1725 565 1779 quia
589 1725 633 1764 in
656 1725 829 1780 gaudio
848 1727 988 1766 eterni
1011 1726 1179 1768 amoris
1201 1726 1401 1767 suauiter
1423 1726 1675 1780 requiescit,

151 1803 298 1844 neque
321 1791 640 1833 iubilacionem
664 1793 810 1845 ipsam
835 1807 971 1847 quam
996 1793 1040 1833 in
1068 1793 1201 1834 Ihesu
1225 1794 1468 1835 iocundata
1488 1793 1675 1848 accepit,

148 1857 324 1898 auferre
362 1866 574 1912 poterunt
604 1860 758 1901 omnia
796 1874 882 1915 que
919 1868 1176 1902 occurrunt.
1243 1862 1391 1903 Immo
1428 1862 1675 1903 inefficacia

147 1925 333 1966 auolant
360 1926 724 1968 machinamenta
749 1928 932 1977 diaboli,
959 1935 1001 1969 et
1025 1929 1273 1971 mundialis
1299 1929 1488 1971 honoris
1512 1930 1673 1983 decep-

149 1990 244 2031 tiua
268 1992 448 2033 uanitas
472 1993 597 2033 uadit
622 1993 666 2033 in
697 2001 1022 2048 contemptum,
1051 1995 1313 2050 carnalique
1341 1996 1562 2037 mollicies
1592 2009 1674 2037 nec

148 2058 350 2111 queritur
374 2072 455 2100 nec
477 2067 668 2101 amatur.

206 2122 297 2164 Ista
334 2125 544 2179 equidem
578 2134 812 2168 armantur
849 2136 1004 2169 contra
1039 2129 1204 2171 electos
1244 2130 1345 2181 Dei,
1386 2138 1434 2171 ut
1469 2130 1671 2171 adunata

146 2190 316 2231 irruant
363 2192 596 2246 inopinate
625 2194 684 2235 ad
711 2195 1056 2237 subuersionem
1088 2196 1284 2248 illorum,
1319 2197 1397 2252 qui
1428 2210 1668 2239 conuersa-

142 2257 320 2299 cionem
356 2258 523 2300 habent
559 2261 605 2300 in
636 2261 890 2303 celestibus.
971 2259 1063 2304 Sed
1100 2276 1191 2304 non
1228 2263 1471 2318 proficiunt
1505 2272 1550 2305 at
1571 2276 1668 2319 pre-

143 2324 399 2378 cipitentur,
444 2326 550 2380 quia
590 2335 774 2370 sanctus
818 2329 903 2369 Dei
947 2337 1122 2370 amator
1166 2330 1211 2370 in
1259 2331 1442 2372 nomine
1495 2331 1666 2372 Christi

144 2392 416 2440 inconcussi,
443 2401 484 2434 et
506 2395 635 2448 quasi
659 2395 757 2436 sine
782 2397 1094 2451 repugnancia
1118 2398 1349 2452 glorietur,
1375 2399 1561 2440 dicens:
1597 2399 1666 2439 Tu

143 2463 293 2500 autem
329 2466 564 2514 susceptor
593 2477 721 2504 meus
753 2465 832 2505 esl
867 2473 915 2506 ut
951 2478 1041 2506 non
1080 2466 1333 2520 inquietum
1370 2480 1440 2507 me
1477 2466 1666 2507 reddant

143 2526 372 2567 maliciose
409 2526 790 2582 impugnaciones
822 2530 934 2571 mihi
973 2531 1321 2573 aduersancium
1362 2533 1663 2573 inimicorum.

142 2593 290 2646 gloria
313 2608 426 2643 mea,
458 2595 564 2649 quia
587 2596 632 2636 in
657 2603 698 2637 te
724 2597 907 2652 glorior,
930 2612 1020 2639 non
1048 2599 1093 2639 in
1120 2614 1219 2641 mea
1243 2601 1421 2648 uirtute,
1449 2614 1536 2654 que
1559 2612 1663 2641 cum

144 2673 236 2701 non
264 2661 335 2708 sit,
360 2662 447 2703 nisi
477 2676 531 2703 ex
555 2670 612 2714 te,
645 2665 806 2706 merito
831 2666 889 2706 ad
918 2673 960 2706 te
988 2673 1081 2707 tota
1110 2667 1310 2716 refertur,
1340 2675 1381 2708 et
1407 2668 1522 2708 nihil
1550 2667 1664 2708 mihi

141 2726 366 2777 tribuitur,
389 2734 430 2770 et
452 2729 650 2771 exaltans
672 2736 805 2784 caput
825 2746 990 2781 meum,
1013 2733 1194 2782 scilicet,
1216 2735 1362 2787 ipsam
1384 2735 1663 2787 superiorem

201 2799 229 2829 l.
256 2797 392 2830 Psalm.
411 2801 440 2840 3,
457 2801 488 2832 4.
