1881 2985
577 174 720 209 MOST
754 174 1016 212 PERILOUS
1052 175 1120 210 OF
1154 176 1260 213 ALL
1604 190 1667 215 211

145 287 354 328 delectari
396 288 567 342 incipit,
608 290 651 329 in
692 303 828 344 quam
873 290 1051 332 miserie
1096 290 1243 331 lacum
1289 292 1526 345 precipitat
1571 307 1661 334 non

143 354 349 395 attendit.
417 355 641 397 Iudicium
676 357 846 411 quippe
880 357 965 397 Dei
999 364 1065 398 est
1091 358 1213 412 quod
1247 359 1324 412 qui
1352 366 1528 412 sponte,
1559 373 1664 401 con-

144 427 317 474 tempto
348 421 460 470 Deo,
491 423 535 462 in
565 423 741 464 mortali
772 431 955 477 peccato
984 424 1186 472 deicitur,
1214 424 1385 466 inuitus
1416 433 1518 479 post
1547 426 1665 467 hanc

143 487 299 539 uitam,
330 488 431 529 Deo
455 489 696 541 iudicante,
721 491 1094 544 condempnetur.
1160 491 1265 532 Non
1287 493 1407 533 enim
1433 494 1594 544 poterit
1617 507 1664 534 se

144 555 187 594 in
212 554 366 596 futuro
386 557 443 597 ab
465 557 628 598 inferni
654 558 880 599 morsibus
903 558 1158 606 defendere,
1185 559 1262 613 qui
1288 559 1333 598 in
1359 559 1444 600 hoc
1465 561 1662 614 presenti

134 622 312 675 positus
344 622 595 664 criminalia
628 631 824 678 peccata,
857 624 977 677 (cum
1012 624 1193 678 potuit),
1233 625 1377 666 noluit
1407 632 1500 666 toto
1530 638 1663 679 posse

132 702 218 730 suo
242 690 482 742 declinare,
509 699 550 732 et
576 692 847 734 declinando
874 692 1028 733 ordiri.

810 855 918 898 CAP.
945 868 1012 908 24.

139 943 230 997 (De
263 943 446 984 feditate
479 944 653 985 luxurie
680 959 733 986 ac
759 945 960 999 periculo
988 952 1029 985 et
1058 952 1195 986 tactu.
1288 945 1399 986 Item
1445 946 1500 986 de
1540 945 1662 986 malo

521 1012 730 1064 auaricie,
764 1020 805 1053 et
831 1013 886 1053 de
912 1014 1064 1065 inepta
1091 1012 1272 1066 leticia.)

196 1095 313 1137 Cum
364 1098 467 1152 quis
520 1105 705 1151 propter
758 1112 922 1151 purum
961 1112 1161 1139 amorem
1199 1098 1285 1139 Dei
1324 1106 1365 1139 et
1399 1097 1581 1139 uirtutis
1617 1102 1659 1137 et
1678 1098 1783 1135 §.3712

137 1163 356 1205 castitatis
380 1177 469 1204 non
496 1164 626 1205 nubit
651 1165 730 1206 sed
758 1165 802 1204 in
829 1165 1114 1206 continencia
1140 1172 1181 1205 et
1206 1165 1411 1205 omnium
1439 1164 1659 1204 uirtutum

136 1237 298 1271 ornatu
326 1231 480 1271 uiuere
507 1231 686 1285 satagit,
710 1231 797 1273 sibi
824 1231 981 1285 procul
1005 1232 1147 1273 dubio
1172 1245 1392 1286 magnum
1421 1244 1585 1272 nomen
1614 1231 1659 1270 in

134 1297 378 1338 celestibus
412 1298 626 1352 adquirit.
724 1297 844 1352 Quia
894 1298 1008 1339 sicut
1060 1299 1133 1340 hic
1186 1299 1335 1339 Deum
1388 1311 1478 1338 non
1516 1304 1659 1339 cessat

137 1364 341 1419 diligere,
370 1365 430 1405 ita
455 1372 497 1405 et
523 1365 584 1406 ibi
606 1366 663 1406 ab
687 1365 784 1406 eius
810 1379 1044 1419 nunquam
1071 1365 1263 1406 cessabit
1288 1364 1434 1405 laude.
1501 1363 1658 1404 Matri-

136 1432 341 1472 monium
375 1439 525 1472 autem
566 1432 610 1472 in
645 1445 692 1473 se
731 1433 903 1473 bonum
943 1439 1023 1483 est,
1065 1432 1144 1474 sed
1185 1446 1286 1474 cum
1327 1431 1538 1473 homines
1576 1445 1658 1485 pro

135 1499 359 1552 explenda
391 1499 591 1547 libidine,
624 1500 709 1541 sub
736 1499 924 1540 uinculo
952 1500 1272 1540 matrimoniali
1305 1514 1352 1541 se
1382 1500 1657 1554 astringunt,

134 1567 306 1607 bonum
349 1567 552 1621 profecto
596 1567 640 1607 in
688 1567 858 1608 malum
906 1574 1101 1616 uertunt,
1147 1575 1188 1608 et
1235 1567 1356 1608 unde
1402 1574 1564 1621 putant
1610 1581 1657 1608 se

134 1633 363 1687 proficere,
397 1634 501 1675 inde
534 1648 624 1675 non
656 1643 835 1676 cessant
863 1635 1105 1677 deteriores
1137 1649 1252 1677 esse.
1343 1635 1435 1690 Qui
1464 1649 1573 1677 uero
1603 1649 1656 1676 ex

134 1699 217 1740 hac
251 1701 507 1742 intencione
536 1702 802 1756 coniugium
840 1703 1005 1757 diligit,
1042 1703 1148 1757 quia
1184 1717 1237 1744 ex
1274 1704 1360 1746 hoc
1395 1704 1525 1745 diues
1560 1704 1655 1745 fieri

131 1767 333 1815 confidit,
356 1768 454 1809 sine
476 1768 616 1809 dubio
637 1768 821 1810 lasciuie
841 1769 1019 1810 frenum
1043 1770 1192 1811 laxare
1213 1771 1384 1822 nititur,
1409 1771 1585 1812 deliciis
1603 1784 1655 1812 ac

132 1835 315 1876 diuiciis
337 1834 544 1886 affluens,
580 1849 669 1876 non
700 1837 924 1878 modicam
955 1838 1226 1879 medicinam
1252 1839 1378 1880 carni
1409 1839 1579 1880 lubrice
1607 1852 1655 1881 se

133 1902 362 1944 inuenisse
391 1903 625 1958 gloriatur.
692 1904 833 1945 Porro
861 1905 1061 1959 peruersi
1092 1906 1177 1946 uiri
1199 1914 1305 1947 sunt
1332 1907 1408 1961 qui
1437 1908 1577 1948 eciam
1608 1908 1652 1947 in

131 1969 340 2023 proprias
365 1983 529 2011 uxores
554 1978 738 2024 propter
761 1985 916 2012 eorum
943 1972 1329 2025 pulchritudinem
1360 1973 1653 2014 immoderate

133 2036 436 2085 inardescunt,
486 2045 527 2077 et
575 2044 699 2078 tanto
749 2039 889 2080 cicius
938 2040 1139 2092 ipsorum
1189 2052 1355 2093 corpus
1402 2054 1428 2080 a
1478 2039 1652 2080 uiribus

130 2101 371 2156 frangitur,
421 2110 591 2157 quanto
642 2106 791 2159 magis
840 2106 884 2145 in
935 2106 1173 2159 explendis
1218 2107 1454 2148 desideriis
1504 2106 1654 2148 carnis

132 2169 370 2209 relaxatur.
437 2170 559 2211 Dum
590 2184 699 2212 uero
728 2172 1018 2220 delectantur,
1050 2173 1289 2224 deficiunt;
1318 2181 1359 2215 et
1384 2174 1493 2215 dum
1524 2187 1650 2228 pros-

131 2242 357 2287 perantur,
387 2244 600 2290 pereunt3
630 2245 672 2278 et
702 2239 810 2279 dum
836 2239 965 2293 quasi
994 2254 1073 2293 per
1102 2240 1360 2294 uoluptates
1385 2242 1650 2295 concupitas

130 2316 177 2343 se
208 2303 377 2343 saciare
405 2310 633 2357 satagunt,
667 2305 785 2346 uires
818 2306 958 2346 eciam
995 2307 1158 2348 mentis
1186 2314 1227 2347 et
1259 2308 1461 2361 corporis
1494 2308 1649 2348 miser-

125 2368 306 2408 abiliter
327 2368 579 2410 effundunt.

186 2433 314 2474 Nihil
370 2435 579 2489 siquiden
636 2438 935 2490 periculosius
987 2447 1065 2488 est,
1123 2440 1236 2481 nihil
1290 2442 1480 2494 turpius,
1535 2441 1646 2481 nihil

129 2501 315 2542 fetidius
351 2501 538 2550 homini,
577 2517 713 2557 quam
751 2505 795 2544 in
833 2519 985 2546 amore
1023 2507 1225 2549 mulieris
1271 2515 1465 2549 mentem
1517 2522 1645 2549 suam

125 2566 371 2615 effundere,
406 2576 447 2608 et
480 2569 523 2608 in
559 2583 656 2610 eam
689 2572 817 2625 quasi
854 2572 897 2611 in
947 2573 1123 2613 beatam
1174 2575 1372 2627 requiem
1416 2574 1642 2615 anhelare.

130 2631 239 2673 Post
279 2633 447 2674 factum
489 2636 701 2677 nimirum
735 2638 822 2679 cito
861 2639 1074 2680 uilescere
1114 2640 1286 2693 incipit,
1339 2641 1461 2695 quod
1513 2647 1645 2680 antea

127 2700 324 2740 maxima
380 2703 602 2756 anguscia
658 2718 740 2757 pro
795 2719 973 2746 summa
1031 2707 1309 2748 beatitudine
1363 2706 1642 2760 concupiuit.
