1881 2985
206 196 274 230 244
565 188 676 225 THE
716 188 1115 225 UNSPEAKABLE
1154 189 1383 226 MELODY

203 304 353 345 cencie
382 317 479 344 mee
504 304 753 354 uscionem,
786 310 834 344 ut
862 302 1020 344 saltem
1049 316 1103 343 ex
1128 303 1317 345 canticis
1340 304 1539 346 caritatis
1566 305 1738 347 sodalis

201 369 427 411 subtiliter
480 370 745 425 indagarem
799 370 1109 411 substanciam
1164 384 1326 421 meam,
1381 379 1423 412 et
1478 385 1737 413 mensuram

209 437 595 487 modulacionum,
627 438 672 478 in
705 438 873 493 quibus
905 438 1164 491 prestabilis
1193 446 1388 492 putarer,
1419 439 1533 480 mihi
1563 441 1738 481 innote-

209 512 362 552 sceret,
397 505 435 546 si
468 505 582 546 forte
615 506 672 547 ab
704 506 966 546 infelicitate
999 513 1259 560 exemptum
1294 520 1365 547 me
1400 507 1666 556 inuenirem,
1695 514 1738 549 et

209 571 332 626 quod
363 584 444 625 per
476 585 546 612 me
571 572 802 619 medicare
834 585 925 612 non
953 585 1184 626 presumo,
1217 573 1324 628 quia
1356 574 1561 615 nondum
1593 574 1737 628 reperi

209 638 332 692 quod
355 645 533 691 exopto,
557 639 602 678 in
623 638 805 679 solaciis
824 638 935 679 socii
959 639 1045 679 mei
1069 639 1393 693 requiescerem
1416 654 1518 682 cum
1539 641 1736 682 dulcore.

209 704 448 759 Siquidem
472 705 510 746 si
533 705 776 746 clamorem
802 705 929 746 illum
952 719 1163 746 canorem
1185 707 1242 748 ab
1265 708 1532 749 extrinsecis
1549 707 1739 750 auribus

208 772 399 812 omnino
439 771 759 813 absconditum
796 772 998 820 arbitrer,
1037 771 1179 827 (quod
1222 781 1264 814 et
1308 786 1413 814 uere
1451 787 1549 816 esse
1590 774 1739 816 audeo

206 839 516 891 annunciare‚)
580 840 754 880 utinam
819 847 861 880 et
926 840 1047 881 illius
1112 841 1438 883 modulaminis
1504 843 1737 883 inueniam

206 913 435 947 auctorem
463 906 709 955 hominem,
736 907 813 961 qui
841 907 923 947 etsi
950 921 1040 948 non
1067 907 1213 956 dictis,
1238 915 1388 949 tamen
1415 909 1599 963 scriptis
1624 908 1737 949 mihi

210 973 405 1027 gloriam
427 986 572 1013 meam
596 973 868 1024 decantaret,
890 981 932 1014 et
953 981 1297 1028 pneumataque
1320 987 1466 1016 nexus
1485 974 1529 1014 in
1553 974 1736 1016 nomine

209 1041 496 1081 nobilissimo
532 1054 683 1082 coram
715 1047 867 1082 amato
898 1054 998 1081 meo
1025 1041 1155 1082 edere
1192 1054 1283 1082 non
1321 1041 1497 1093 erubui,
1531 1041 1739 1084 canendo

207 1123 260 1150 ac
307 1108 695 1162 pneumatizando
733 1109 1028 1162 depromeret.
1107 1108 1198 1149 Hic
1245 1108 1411 1149 etenim
1459 1115 1576 1149 esset
1625 1105 1736 1148 mihi

204 1176 416 1217 amabilis
449 1190 586 1230 super
613 1190 806 1217 aurum:
847 1184 889 1217 et
917 1177 1073 1217 omnia
1105 1177 1309 1231 preciosa
1337 1189 1428 1217 non
1460 1175 1735 1229 adequarem

206 1245 244 1285 ei
273 1258 360 1299 que
393 1244 618 1285 habentur
650 1245 696 1285 in
727 1245 812 1286 hoc
843 1245 993 1286 exilio.
1060 1244 1294 1286 Uenustas
1326 1257 1523 1297 namque
1554 1241 1738 1283 uirtutis

200 1326 301 1354 cum
339 1312 441 1365 ipso
472 1312 660 1363 habitat,
702 1320 744 1353 et
776 1312 947 1353 amoris
982 1325 1148 1352 arcana
1179 1311 1433 1366 perfeccius
1471 1310 1733 1364 inuestigat.

208 1379 461 1434 Diligerem
491 1380 689 1434 denique
716 1379 843 1420 illum
873 1380 989 1421 sicut
1015 1393 1092 1422 cor
1122 1393 1274 1421 meum
1305 1393 1386 1420 nec
1415 1387 1532 1420 esset
1560 1378 1736 1433 aliquid

200 1446 323 1499 quod
341 1445 397 1486 ab
418 1446 519 1498 ipso
539 1445 763 1487 occultare
784 1446 1079 1496 intenderem,
1104 1445 1211 1500 quia
1228 1458 1439 1486 canorem
1459 1445 1581 1499 quod
1602 1444 1736 1497 cupio

73 1525 98 1558 f.
118 1525 182 1559 48b
207 1513 460 1568 intelligere
502 1514 613 1554 mihi
655 1514 940 1567 exprimeret,
986 1521 1027 1554 et
1070 1514 1262 1555 iubilum
1306 1513 1599 1555 iocunditatis
1638 1525 1737 1553 mee

206 1580 372 1622 clarius
418 1581 644 1622 enodaret.
724 1581 776 1622 In
819 1581 904 1623 hac
948 1581 1159 1635 equidem
1201 1581 1442 1634 apercione
1487 1580 1734 1622 exultarem

204 1648 417 1700 amplius,
445 1656 523 1688 aut
548 1656 664 1689 certe
692 1648 877 1690 uberius
899 1648 1170 1698 emularem;
1198 1648 1415 1703 quoniam
1446 1647 1558 1688 mihi
1587 1655 1737 1689 osten-

205 1715 384 1755 deretur
428 1715 689 1756 incendium
734 1716 902 1756 amoris
947 1723 988 1755 et
1033 1728 1200 1756 sonora
1246 1714 1460 1755 iubilacio
1503 1713 1736 1755 euidenter

199 1782 452 1837 effulgeret.
531 1782 748 1823 Clamosa
778 1796 960 1837 quoque
988 1782 1216 1836 cogitacio
1246 1782 1344 1823 sine
1376 1782 1609 1823 laudatore
1643 1795 1733 1822 non

206 1849 442 1897 laberetur,
473 1863 618 1904 neque
645 1850 683 1891 si
712 1850 756 1889 in
781 1849 1016 1904 ambiguis
1037 1849 1305 1890 laborarem.
1370 1849 1504 1890 Nunc
1531 1862 1641 1890 uero
1665 1863 1738 1890 me

205 1916 469 1969 deprimunt
491 1917 736 1970 languores
755 1917 1019 1969 erumpuosi
1041 1916 1162 1956 exilii
1184 1925 1225 1957 et
1246 1916 1457 1957 molescie
1475 1927 1734 1970 aggrauan-

206 1990 272 2024 tes
303 1984 380 2023 uix
410 1996 464 2024 ne
497 1983 743 2024 subsistere
772 1983 1052 2037 permittunt,
1085 1990 1127 2023 et
1159 1996 1262 2024 cum
1296 1982 1420 2023 intus
1452 1982 1734 2023 inardescam

206 2050 353 2091 calore
402 2049 615 2100 increato,
669 2049 781 2090 foris
828 2049 958 2103 quasi
1007 2048 1164 2090 fuscus
1211 2056 1253 2088 et
1303 2047 1462 2089 infelix
1504 2048 1604 2090 sine
1638 2048 1738 2088 luce

206 2118 435 2159 delitesco.

266 2182 393 2239 Ergo
435 2197 503 2232 ne,
553 2184 679 2225 Deus
728 2197 867 2234 meus,
916 2184 986 2224 cui
1030 2182 1327 2224 deuocionem
1373 2181 1515 2223 offero
1561 2181 1737 2235 absque

207 2252 409 2302 ficcione,
435 2251 740 2293 recordaberis
764 2251 850 2291 mei
877 2251 922 2291 in
949 2250 1279 2291 miseracione?
1327 2249 1435 2304 quia
1459 2249 1594 2289 miser
1618 2260 1735 2294 sum,

207 2320 517 2362 misericordia
558 2319 768 2373 indigeo;
808 2326 849 2359 et
888 2331 1041 2359 nonne
1081 2316 1349 2371 languorem
1392 2315 1471 2370 qui
1513 2329 1583 2356 me
1623 2314 1736 2369 ligat

205 2389 470 2431 subleuabis
492 2389 537 2428 in
559 2388 718 2436 lucem,
736 2394 1053 2441 utopportune
1070 2385 1262 2427 habeam
1281 2385 1403 2440 quod
1426 2383 1737 2438 concupisco?

209 2457 526 2511 Laboremque
572 2469 754 2511 quoque
794 2469 888 2512 quo
927 2455 1002 2496 luo
1046 2454 1168 2508 quod
1213 2453 1398 2508 deliqui,
1445 2452 1644 2494 mutabis
1689 2452 1734 2492 in

209 2526 436 2567 mellicum
470 2525 772 2575 mansionem,
811 2532 860 2565 ut
894 2523 1090 2565 melodia
1126 2529 1382 2577 perseueret
1417 2522 1495 2563 ubi
1531 2522 1735 2562 demora-

208 2594 341 2634 batur
368 2593 569 2643 tristicia,
599 2600 641 2633 et
670 2592 851 2633 uideam
882 2592 927 2632 in
958 2596 1195 2632 uenustate
1223 2590 1293 2631 sui
1323 2589 1499 2630 decoris
1520 2589 1735 2630 dilectum

209 2674 343 2715 quern
368 2660 590 2708 desidero,
619 2666 659 2700 et
684 2659 863 2700 laudem
888 2672 990 2699 eum
1018 2656 1272 2697 eternaliter
1299 2663 1450 2697 tentus
1477 2662 1596 2696 tactu
1624 2654 1737 2701 eius,

208 2727 315 2781 quia
340 2727 398 2768 ad
426 2727 577 2780 ipsum
604 2726 818 2780 langueo.
