1881 2985
427 158 748 195 ASCETICISM
789 159 903 192 AND
945 159 1312 197 TEMPERANCE
1569 172 1633 206 175

107 328 277 375 dulcor,
321 328 359 369 si
406 329 560 369 omnia
609 330 693 371 ista
740 343 831 371 non
879 329 1067 391 assint3s
1096 330 1251 371 omnia
1296 338 1446 372 autem
1493 332 1631 373 simul

108 402 318 435 manente
345 396 431 436 nisi
458 410 561 437 cum
585 397 724 437 nimia
752 396 1010 437 infirmitate
1033 397 1209 450 capitur
1234 397 1305 438 uel
1332 398 1525 452 pectoris
1552 410 1630 438 seu

108 460 258 502 lateris
281 462 550 514 reprimitur,
577 470 654 504 aut
682 463 820 503 nimia
848 464 964 503 fame
990 464 1060 504 uel
1083 464 1157 504 siti
1186 464 1354 518 quibus
1379 478 1483 506 caro
1510 465 1631 505 fran-

107 529 242 583 gitur,
289 529 360 570 uel
408 530 544 570 nimis
588 531 757 584 frigore
800 531 946 571 calore
994 530 1066 572 uel
1114 531 1271 571 itinere
1320 529 1630 584 impediatur.l

109 595 302 649 Oportet
337 610 447 651 ergo
482 597 631 650 ipsum
669 598 745 652 qui
784 598 827 637 in
863 598 1024 639 diuino
1056 611 1209 638 amore
1240 598 1337 639 uult
1367 610 1525 638 canere
1561 595 1632 637 uel

106 663 314 705 canendo
337 664 526 705 iubilare
549 672 590 705 et
609 665 765 705 ardere
792 665 835 705 in
861 664 1106 706 solitudine
1130 665 1332 712 existere,
1354 671 1396 704 et
1421 665 1465 704 in
1492 663 1635 703 nimia

107 731 389 772 abstinencia
435 745 525 772 non
576 732 728 773 uiuere
773 745 852 773 nec
898 731 1199 785 superfluitati
1250 744 1297 772 se
1346 730 1635 785 aliquatenus

108 797 334 839 exhibere.
400 798 568 840 Melius
594 806 743 839 tamen
771 805 885 840 esset
912 812 993 853 pro
1019 812 1067 840 se
1090 798 1128 839 si
1155 798 1199 838 in
1224 798 1403 839 modico
1428 797 1634 838 nesciens

108 865 339 906 excederet
367 879 638 913 mensuram,
668 866 919 907 dummodo
940 866 1061 906 bona
1089 865 1345 906 intencione
1370 865 1429 906 ad
1457 871 1633 906 susten-

109 933 298 974 tandum
332 940 537 973 naturam
566 932 677 974 illud
702 939 822 986 agat,
853 946 989 986 quam
1017 932 1054 973 si
1086 932 1223 973 nimis
1249 932 1419 973 ieiunio
1445 930 1634 972 deficere

111 1000 335 1053 inceperet
370 1007 411 1039 et
447 1013 526 1053 pre
563 999 850 1040 imbecilitate
886 999 1089 1052 corporis
1125 1012 1284 1040 canere
1320 1012 1411 1039 non
1448 997 1632 1040 ualeret.
1656 1003 1764 1038 f.71b

111 1066 202 1108 Sed
238 1067 336 1108 sine
364 1067 506 1108 dubio
542 1066 618 1120 qui
653 1066 710 1106 ad
744 1066 828 1108 hoc
859 1066 1042 1120 eligitur
1077 1065 1236 1107 fraude
1267 1065 1437 1106 diaboli
1475 1079 1556 1107 nec
1588 1065 1633 1105 in

109 1133 389 1176 comedendo
436 1147 515 1174 nec
564 1134 609 1173 in
655 1132 928 1174 abstinendo
971 1139 1224 1185 superatur.
1316 1131 1469 1173 Uerus
1513 1130 1634 1171 enim

112 1200 281 1241 Christi
310 1208 484 1241 amator
511 1207 551 1240 et
578 1214 604 1240 a
631 1199 817 1241 Christo
839 1200 999 1240 doctus
1028 1213 1118 1240 non
1144 1199 1303 1239 maiori
1331 1199 1485 1240 studio
1507 1205 1635 1241 cauet

110 1267 392 1320 superfluum
451 1280 586 1321 quam
642 1267 934 1307 diminutum.
1038 1265 1459 1319 Incomparabiliter
1514 1264 1636 1304 enim

112 1334 260 1387 magis
278 1334 520 1374 merebitur
543 1347 644 1375 cum
665 1347 831 1374 canoro
854 1332 1036 1387 gaudio,
1059 1332 1245 1380 orando,
1269 1330 1635 1385 contemplando,

112 1401 319 1455 legendo,
342 1401 617 1448 meditando,
639 1401 752 1442 bene
774 1400 852 1442 sed
875 1401 1104 1441 districte2
1124 1400 1419 1447 comedendo,
1441 1413 1577 1454 quam
1598 1397 1636 1439 si

111 1468 209 1508 sine
230 1467 306 1508 illo
327 1481 504 1521 semper
526 1468 742 1508 ieiunaret
763 1481 1020 1521 panemque
1038 1466 1357 1508 tantummodo
1376 1473 1453 1507 aut
1474 1465 1639 1506 herbas

112 1535 363 1576 comederet
399 1534 654 1588 iugiterque
686 1541 831 1574 oraret
865 1541 905 1574 et
937 1534 1115 1588 legeret.
1173 1533 1424 1586 [Comedi3
1459 1547 1571 1588 ergo
1595 1540 1638 1574 et

113 1601 206 1642 bibi
244 1601 298 1642 de
340 1601 428 1642 hiis
466 1615 553 1655 que
592 1601 779 1642 meliora
819 1596 1114 1650 uidebantur;
1173 1614 1264 1641 non
1308 1601 1414 1655 quia
1453 1601 1638 1642 delicias

111 1668 262 1709 amaui
301 1668 379 1709 sed
419 1676 465 1709 ut
506 1675 665 1709 natura
704 1675 1030 1709 sustentaretur
1069 1668 1113 1707 in
1153 1668 1344 1709 seruicio
1387 1667 1472 1708 Dei
1510 1674 1553 1708 et
1592 1667 1636 1706 in

114 1735 255 1776 iubilo
301 1734 434 1776 Ihesu
486 1735 671 1782 Christi,
715 1735 1009 1777 conformans
1060 1748 1130 1775 me
1183 1734 1272 1776 illis
1322 1749 1423 1776 cum
1471 1734 1640 1789 quibus

115 1802 324 1842 morabar
352 1802 475 1843 bono
502 1802 640 1843 modo
666 1810 850 1856 propter
882 1802 1132 1853 Christum,
1168 1809 1210 1842 et
1243 1815 1297 1841 ne
1356 1801 1638 1843 sanctitatem

116 1868 334 1923 fingerem
366 1869 443 1909 ubi
477 1869 600 1909 nulla
631 1876 709 1916 est,
741 1876 783 1909 et
815 1883 869 1909 ne
900 1869 1107 1910 homines
1138 1882 1208 1909 me
1237 1869 1374 1909 nimis
1404 1868 1639 1908 laudarent

116 1936 191 1977 ubi
216 1935 367 1977 minus
386 1949 530 1978 essem
554 1936 810 1977 laudabilis.
877 1935 1063 1976 Recessi
1082 1935 1222 1976 eciam
1245 1949 1272 1975 a
1295 1934 1523 1989 plerisque
1548 1945 1637 1972 non

116 2002 222 2056 quia
244 2015 314 2042 me
336 2002 636 2044 communiter
657 2010 697 2043 et
721 2003 891 2044 duriori
914 2003 1051 2043 modo
1070 2009 1307 2055 pauerunt,
1321 2002 1400 2042 sed
1419 2002 1526 2056 quia
1549 2013 1638 2040 non

115 2068 494 2110 concordauimus
520 2069 563 2108 in
594 2069 810 2117 moribus,
840 2069 910 2110 uel
939 2076 1122 2122 propter
1151 2069 1286 2109 aliam
1318 2067 1637 2109 racionabilem

116 2149 315 2176 causam.
379 2137 542 2178 Audeo
563 2144 712 2177 tamen
736 2137 883 2178 dicere
909 2152 1010 2178 cum
1037 2138 1169 2179 beato
1196 2137 1276 2178 Iob
1298 2152 1307 2177 :
1340 2130 1465 2178 stulti
1493 2136 1638 2190 despi-

118 2203 293 2244 ciebant
329 2217 398 2243 me
437 2208 478 2244 et
516 2218 618 2245 cum
646 2204 932 2244 ”recessissem
965 2205 1019 2245 ab
1055 2204 1117 2244 eis
1156 2205 1451 2247 detrahebant
1486 2203 1647 2246 mihi.4

118 2269 445 2310 Uerumtamen
477 2270 740 2311 erubescent
769 2285 870 2312 cum
899 2284 969 2311 me
1000 2271 1195 2312 uiderint
1222 2271 1298 2324 qui
1329 2271 1539 2312 dixerunt
1569 2284 1639 2311 me

116 2335 335 2376 nullicubi
354 2336 468 2376 uelle
487 2337 665 2387 morari,
691 2337 776 2378 nisi
800 2336 876 2377 ubi
894 2336 1083 2377 delicate
1101 2349 1281 2388 possem
1300 2336 1438 2388 pasci.
1474 2335 1640 2376 Melius

116 2405 236 2444 enim
260 2411 325 2444 est
349 2404 500 2444 uidere
522 2405 644 2458 quod
659 2412 979 2458 contempnam
994 2418 1130 2458 quam
1144 2405 1398 2445 desiderare
1412 2403 1533 2458 quod
1548 2415 1638 2442 non

112 2470 340 2525 uideam]
371 2469 622 2510 Ieiunium5
646 2471 860 2512 nimirum
878 2470 996 2511 ualet
1013 2470 1070 2510 ad
1090 2470 1374 2522 reprimenda
1391 2469 1640 2510 carnalium

178 2555 204 2584 1.
234 2553 290 2585 Cf.
304 2552 487 2593 Prologue,
501 2553 615 2585 which
637 2554 667 2586 is
687 2554 870 2595 obviously
889 2554 949 2585 the
962 2554 1057 2585 work
1074 2553 1112 2585 of
1133 2554 1195 2585 the
1209 2554 1330 2585 writer
1342 2553 1379 2585 of
1394 2552 1466 2584 this
1481 2560 1636 2593 passage.

117 2599 145 2628 2.
177 2597 220 2637 (j)
246 2598 263 2609 “
281 2596 464 2628 discrete,'’
511 2598 539 2628 3.
570 2598 616 2637 (α)
642 2598 758 2630 marks
779 2598 853 2629 this
874 2607 1031 2637 passage.
1098 2600 1127 2630 4.
1157 2598 1230 2636 Iob,
1265 2599 1315 2637 19,
1337 2599 1385 2628 18.

180 2643 210 2673 5.
238 2640 313 2671 The
344 2639 509 2680 compiler
539 2641 577 2671 of
600 2640 662 2672 the
692 2641 789 2672 short
819 2643 908 2681 text,
942 2640 1071 2680 having
1103 2640 1264 2681 omitted,
1299 2651 1336 2671 as
1367 2638 1476 2679 usual,
1511 2637 1641 2672 Rolle’s

116 2682 438 2723 autobiographical
462 2693 618 2724 passage,
643 2684 745 2724 again
766 2684 880 2724 copies
905 2683 966 2714 the
990 2686 1072 2714 text
1095 2683 1210 2715 where
1236 2683 1280 2714 he
1304 2693 1385 2724 goes
1407 2692 1450 2714 on
1475 2684 1512 2713 to
1534 2681 1640 2722 speak

116 2726 153 2758 of
179 2726 240 2758 the
269 2728 287 2740 ‘⁴
302 2726 428 2757 semita
453 2726 791 2767 contemplacionis.⁷’
