<?xml version="1.0" encoding="UTF-8"?>
<!DOCTYPE html PUBLIC "-//W3C//DTD XHTML 1.0 Transitional//EN"
    "http://www.w3.org/TR/xhtml1/DTD/xhtml1-transitional.dtd">
<html xmlns="http://www.w3.org/1999/xhtml" xml:lang="en" lang="en">
 <head>
  <title>
</title>
<meta http-equiv="Content-Type" content="text/html;charset=utf-8" />
  <meta name='ocr-system' content='tesseract 3.04.00' />
  <meta name='ocr-capabilities' content='ocr_page ocr_carea ocr_par ocr_line ocrx_word'/>
</head>
<body>
  <div class='ocr_page' id='page_1' title='image "./incendiumamoris00rolluoft_0052.png"; bbox 0 0 1757 2990; ppageno 0'>
   <div class='ocr_carea' id='block_1_1' title="bbox 96 171 139 198">
    <p class='ocr_par' dir='ltr' id='par_1_1' title="bbox 96 171 139 198">
     <span class='ocr_line' id='line_1_1' title="bbox 96 171 139 198; baseline 0 0"><span class='ocrx_word' id='word_1_1' title='bbox 96 171 139 198; x_wconf 86' lang='lat'>22</span> 
     </span>
    </p>
   </div>
   <div class='ocr_carea' id='block_1_2' title="bbox 97 274 179 320">
    <p class='ocr_par' dir='ltr' id='par_1_2' title="bbox 97 274 179 320">
     <span class='ocr_line' id='line_1_2' title="bbox 97 274 179 320; baseline 0 -10"><span class='ocrx_word' id='word_1_2' title='bbox 97 274 125 310; x_wconf 81' lang='lat' dir='ltr'>f.</span> <span class='ocrx_word' id='word_1_3' title='bbox 146 287 179 320; x_wconf 83' lang='lat'>3.</span> 
     </span>
    </p>
   </div>
   <div class='ocr_carea' id='block_1_3' title="bbox 99 572 204 608">
    <p class='ocr_par' dir='ltr' id='par_1_3' title="bbox 99 572 204 608">
     <span class='ocr_line' id='line_1_3' title="bbox 99 572 204 608; baseline -0.01 0"><span class='ocrx_word' id='word_1_4' title='bbox 99 572 127 608; x_wconf 86' lang='lat' dir='ltr'>f.</span> <span class='ocrx_word' id='word_1_5' title='bbox 149 584 204 608; x_wconf 92' lang='lat'>11.</span> 
     </span>
    </p>
   </div>
   <div class='ocr_carea' id='block_1_4' title="bbox 100 696 232 733">
    <p class='ocr_par' dir='ltr' id='par_1_4' title="bbox 100 696 232 733">
     <span class='ocr_line' id='line_1_4' title="bbox 100 696 232 733; baseline 0 -2"><span class='ocrx_word' id='word_1_6' title='bbox 100 696 127 731; x_wconf 83' lang='lat' dir='ltr'>f.</span> <span class='ocrx_word' id='word_1_7' title='bbox 150 698 232 733; x_wconf 90' lang='lat' dir='ltr'>12b.</span> 
     </span>
    </p>
   </div>
   <div class='ocr_carea' id='block_1_5' title="bbox 106 1766 238 1803">
    <p class='ocr_par' dir='ltr' id='par_1_5' title="bbox 106 1766 238 1803">
     <span class='ocr_line' id='line_1_5' title="bbox 106 1766 238 1803; baseline -0.008 -1"><span class='ocrx_word' id='word_1_8' title='bbox 106 1766 133 1802; x_wconf 83' lang='lat' dir='ltr'>f.</span> <span class='ocrx_word' id='word_1_9' title='bbox 155 1767 238 1803; x_wconf 81' lang='lat' dir='ltr'><em>26b.</em></span> 
     </span>
    </p>
   </div>
   <div class='ocr_carea' id='block_1_6' title="bbox 108 1948 240 1993">
    <p class='ocr_par' dir='ltr' id='par_1_6' title="bbox 108 1948 240 1993">
     <span class='ocr_line' id='line_1_6' title="bbox 108 1948 240 1993; baseline 0 -9"><span class='ocrx_word' id='word_1_10' title='bbox 108 1948 136 1984; x_wconf 82' lang='lat' dir='ltr'>f.</span> <span class='ocrx_word' id='word_1_11' title='bbox 155 1949 240 1993; x_wconf 87' lang='lat' dir='ltr'>41b.</span> 
     </span>
    </p>
   </div>
   <div class='ocr_carea' id='block_1_7' title="bbox 107 2120 242 2233">
    <p class='ocr_par' dir='ltr' id='par_1_7' title="bbox 107 2120 242 2233">
     <span class='ocr_line' id='line_1_7' title="bbox 107 2120 212 2165; baseline -0.01 -9"><span class='ocrx_word' id='word_1_12' title='bbox 107 2120 135 2156; x_wconf 80' lang='lat' dir='ltr'>f.</span> <span class='ocrx_word' id='word_1_13' title='bbox 155 2132 212 2165; x_wconf 87' lang='lat'>42.</span> 
     </span>
     <span class='ocr_line' id='line_1_8' title="bbox 110 2187 242 2233; baseline -0.008 -10"><span class='ocrx_word' id='word_1_14' title='bbox 110 2187 137 2223; x_wconf 81' lang='lat' dir='ltr'>f.</span> <span class='ocrx_word' id='word_1_15' title='bbox 159 2188 242 2233; x_wconf 91' lang='lat' dir='ltr'>77b.</span> 
     </span>
    </p>
   </div>
   <div class='ocr_carea' id='block_1_8' title="bbox 114 2647 247 2692">
    <p class='ocr_par' dir='ltr' id='par_1_8' title="bbox 114 2647 247 2692">
     <span class='ocr_line' id='line_1_9' title="bbox 114 2647 247 2692; baseline -0.015 -8"><span class='ocrx_word' id='word_1_16' title='bbox 114 2647 142 2684; x_wconf 83' lang='lat' dir='ltr'>f.</span> <span class='ocrx_word' id='word_1_17' title='bbox 162 2647 247 2692; x_wconf 87' lang='lat' dir='ltr'>97b.</span> 
     </span>
    </p>
   </div>
   <div class='ocr_carea' id='block_1_9' title="bbox 541 163 1185 199">
    <p class='ocr_par' dir='ltr' id='par_1_9' title="bbox 541 163 1185 199">
     <span class='ocr_line' id='line_1_10' title="bbox 541 163 1185 199; baseline 0 -1"><span class='ocrx_word' id='word_1_18' title='bbox 541 163 764 198; x_wconf 90' lang='lat' dir='ltr'>OXFORD</span> <span class='ocrx_word' id='word_1_19' title='bbox 807 163 1185 199; x_wconf 88' lang='lat' dir='ltr'>MANUSCRIPTS</span> 
     </span>
    </p>
   </div>
   <div class='ocr_carea' id='block_1_10' title="bbox 287 275 1633 552">
    <p class='ocr_par' dir='ltr' id='par_1_10' title="bbox 287 275 1633 552">
     <span class='ocr_line' id='line_1_11' title="bbox 293 275 1630 322; baseline 0.002 -11"><span class='ocrx_word' id='word_1_20' title='bbox 293 275 372 311; x_wconf 92' lang='lat' dir='ltr'>Hic</span> <span class='ocrx_word' id='word_1_21' title='bbox 403 276 548 322; x_wconf 84' lang='lat' dir='ltr'>incipit</span> <span class='ocrx_word' id='word_1_22' title='bbox 578 279 775 312; x_wconf 87' lang='lat' dir='ltr'>tractatus</span> <span class='ocrx_word' id='word_1_23' title='bbox 806 276 1029 312; x_wconf 91' lang='lat' dir='ltr'>secundum</span> <span class='ocrx_word' id='word_1_24' title='bbox 1062 276 1281 313; x_wconf 88' lang='lat' dir='ltr'>Ricardum</span> <span class='ocrx_word' id='word_1_25' title='bbox 1311 277 1549 314; x_wconf 83' lang='lat' dir='ltr'>heremitam</span> <span class='ocrx_word' id='word_1_26' title='bbox 1580 278 1630 314; x_wconf 89' lang='lat' dir='ltr'>de</span> 
     </span>
     <span class='ocr_line' id='line_1_12' title="bbox 288 333 1632 381; baseline 0.001 -13"><span class='ocrx_word' id='word_1_27' title='bbox 288 333 458 379; x_wconf 92' lang='lat' dir='ltr'>hampul</span> <span class='ocrx_word' id='word_1_28' title='bbox 488 334 531 369; x_wconf 90' lang='lat' dir='ltr'>in</span> <span class='ocrx_word' id='word_1_29' title='bbox 560 334 760 369; x_wconf 89' lang='lat' dir='ltr'>cimiterio</span> <span class='ocrx_word' id='word_1_30' title='bbox 789 333 1162 369; x_wconf 84' lang='lat' dir='ltr'>sanctimonialium</span> <span class='ocrx_word' id='word_1_31' title='bbox 1191 334 1241 369; x_wconf 88' lang='lat' dir='ltr'>de</span> <span class='ocrx_word' id='word_1_32' title='bbox 1269 335 1462 381; x_wconf 92' lang='lat' dir='ltr'>hampule</span> <span class='ocrx_word' id='word_1_33' title='bbox 1492 335 1632 370; x_wconf 92' lang='lat' dir='ltr'>huma-</span> 
     </span>
     <span class='ocr_line' id='line_1_13' title="bbox 289 390 1633 436; baseline 0.001 -10"><span class='ocrx_word' id='word_1_34' title='bbox 289 393 391 426; x_wconf 88' lang='lat' dir='ltr'>tum.</span> <span class='ocrx_word' id='word_1_35' title='bbox 443 392 522 434; x_wconf 76' lang='lat' dir='ltr'>Qui</span> <span class='ocrx_word' id='word_1_36' title='bbox 558 391 660 426; x_wconf 93' lang='lat' dir='ltr'>obiit</span> <span class='ocrx_word' id='word_1_37' title='bbox 711 402 817 426; x_wconf 88' lang='lat' dir='ltr'>anno</span> <span class='ocrx_word' id='word_1_38' title='bbox 852 390 1006 426; x_wconf 88' lang='lat' dir='ltr'>domini</span> <span class='ocrx_word' id='word_1_39' title='bbox 1043 392 1341 429; x_wconf 83' lang='lat' dir='ltr'>M0CCC0XL0</span> <span class='ocrx_word' id='word_1_40' title='bbox 1381 404 1500 428; x_wconf 89' lang='lat' dir='ltr'>nono.</span> <span class='ocrx_word' id='word_1_41' title='bbox 1553 393 1633 436; x_wconf 80' lang='lat' dir='ltr'>Qui</span> 
     </span>
     <span class='ocr_line' id='line_1_14' title="bbox 287 449 1632 493; baseline 0.002 -10"><span class='ocrx_word' id='word_1_42' title='bbox 287 451 485 484; x_wconf 87' lang='lat' dir='ltr'>tractatus</span> <span class='ocrx_word' id='word_1_43' title='bbox 511 452 573 484; x_wconf 91' lang='lat' dir='ltr'>est</span> <span class='ocrx_word' id='word_1_44' title='bbox 601 449 650 484; x_wconf 92' lang='lat' dir='ltr'>de</span> <span class='ocrx_word' id='word_1_45' title='bbox 677 449 960 484; x_wconf 84' lang='lat' dir='ltr'>emendacione</span> <span class='ocrx_word' id='word_1_46' title='bbox 988 449 1236 493; x_wconf 89' lang='lat' dir='ltr'>peccatoris:</span> <span class='ocrx_word' id='word_1_47' title='bbox 1269 452 1310 485; x_wconf 90' lang='lat' dir='ltr'>et</span> <span class='ocrx_word' id='word_1_48' title='bbox 1337 450 1458 485; x_wconf 90' lang='lat' dir='ltr'>habet</span> <span class='ocrx_word' id='word_1_49' title='bbox 1486 450 1632 486; x_wconf 89' lang='lat' dir='ltr'>duode-</span> 
     </span>
     <span class='ocr_line' id='line_1_15' title="bbox 291 506 584 552; baseline -0.003 -11"><span class='ocrx_word' id='word_1_50' title='bbox 291 506 369 541; x_wconf 93' lang='lat' dir='ltr'>cim</span> <span class='ocrx_word' id='word_1_51' title='bbox 392 506 584 552; x_wconf 90' lang='lat' dir='ltr'>capitula.</span> 
     </span>
    </p>
   </div>
   <div class='ocr_carea' id='block_1_11' title="bbox 291 572 1631 666">
    <p class='ocr_par' dir='ltr' id='par_1_11' title="bbox 291 572 1631 666">
     <span class='ocr_line' id='line_1_16' title="bbox 295 572 1631 619; baseline -0.002 -8"><span class='ocrx_word' id='word_1_52' title='bbox 295 573 478 619; x_wconf 87' lang='lat' dir='ltr'>Explicit</span> <span class='ocrx_word' id='word_1_53' title='bbox 504 573 668 609; x_wconf 91' lang='lat' dir='ltr'>libellus</span> <span class='ocrx_word' id='word_1_54' title='bbox 698 573 860 609; x_wconf 91' lang='lat' dir='ltr'>Ricardi</span> <span class='ocrx_word' id='word_1_55' title='bbox 888 572 1082 608; x_wconf 87' lang='lat' dir='ltr'>heremite</span> <span class='ocrx_word' id='word_1_56' title='bbox 1108 573 1158 609; x_wconf 87' lang='lat' dir='ltr'>de</span> <span class='ocrx_word' id='word_1_57' title='bbox 1184 573 1468 609; x_wconf 89' lang='lat' dir='ltr'>emendacione</span> <span class='ocrx_word' id='word_1_58' title='bbox 1496 583 1631 619; x_wconf 87' lang='lat' dir='ltr'>pecca-</span> 
     </span>
     <span class='ocr_line' id='line_1_17' title="bbox 291 636 404 666; baseline 0.018 -2"><span class='ocrx_word' id='word_1_59' title='bbox 291 636 404 666; x_wconf 77' lang='lat' dir='ltr'>toris.</span> 
     </span>
    </p>
   </div>
   <div class='ocr_carea' id='block_1_12' title="bbox 289 696 1638 1364">
    <p class='ocr_par' dir='ltr' id='par_1_12' title="bbox 289 696 1638 1316">
     <span class='ocr_line' id='line_1_18' title="bbox 289 696 1631 743; baseline 0 -11"><span class='ocrx_word' id='word_1_60' title='bbox 289 697 471 733; x_wconf 91' lang='lat' dir='ltr'>eiusdem</span> <span class='ocrx_word' id='word_1_61' title='bbox 509 697 617 733; x_wconf 90' lang='lat' dir='ltr'>beati</span> <span class='ocrx_word' id='word_1_62' title='bbox 655 697 818 733; x_wconf 90' lang='lat' dir='ltr'>Ricardi</span> <span class='ocrx_word' id='word_1_63' title='bbox 856 697 927 743; x_wconf 91' lang='lat' dir='ltr'>qui</span> <span class='ocrx_word' id='word_1_64' title='bbox 966 696 1201 733; x_wconf 85' lang='lat' dir='ltr'>intitulatur</span> <span class='ocrx_word' id='word_1_65' title='bbox 1239 698 1376 733; x_wconf 90' lang='lat' dir='ltr'>Iudica</span> <span class='ocrx_word' id='word_1_66' title='bbox 1415 709 1480 733; x_wconf 94' lang='lat' dir='ltr'>me</span> <span class='ocrx_word' id='word_1_67' title='bbox 1516 697 1631 741; x_wconf 85' lang='lat' dir='ltr'>deus,</span> 
     </span>
     <span class='ocr_line' id='line_1_19' title="bbox 293 754 1630 801; baseline -0.001 -10"><span class='ocrx_word' id='word_1_68' title='bbox 293 758 500 791; x_wconf 91' lang='lat' dir='ltr'>extractus</span> <span class='ocrx_word' id='word_1_69' title='bbox 527 755 576 791; x_wconf 92' lang='lat' dir='ltr'>de</span> <span class='ocrx_word' id='word_1_70' title='bbox 599 755 734 791; x_wconf 88' lang='lat' dir='ltr'>uerbis</span> <span class='ocrx_word' id='word_1_71' title='bbox 758 758 798 791; x_wconf 90' lang='lat' dir='ltr'>et</span> <span class='ocrx_word' id='word_1_72' title='bbox 826 754 942 790; x_wconf 92' lang='lat' dir='ltr'>libris</span> <span class='ocrx_word' id='word_1_73' title='bbox 969 758 1202 790; x_wconf 90' lang='lat' dir='ltr'>sanctorum</span> <span class='ocrx_word' id='word_1_74' title='bbox 1228 759 1392 801; x_wconf 90' lang='lat' dir='ltr'>patrum</span> <span class='ocrx_word' id='word_1_75' title='bbox 1419 754 1630 801; x_wconf 90' lang='lat' dir='ltr'>preceden-</span> 
     </span>
     <span class='ocr_line' id='line_1_20' title="bbox 294 811 1633 858; baseline -0.001 -11"><span class='ocrx_word' id='word_1_76' title='bbox 294 811 402 847; x_wconf 91' lang='lat' dir='ltr'>cium</span> <span class='ocrx_word' id='word_1_77' title='bbox 431 812 506 847; x_wconf 92' lang='lat' dir='ltr'>sub</span> <span class='ocrx_word' id='word_1_78' title='bbox 535 812 774 858; x_wconf 90' lang='lat' dir='ltr'>compendio</span> <span class='ocrx_word' id='word_1_79' title='bbox 803 812 853 847; x_wconf 88' lang='lat' dir='ltr'>ad</span> <span class='ocrx_word' id='word_1_80' title='bbox 882 811 1105 848; x_wconf 88' lang='lat' dir='ltr'>utilitatem</span> <span class='ocrx_word' id='word_1_81' title='bbox 1134 812 1448 848; x_wconf 88' lang='lat' dir='ltr'>christianorum</span> <span class='ocrx_word' id='word_1_82' title='bbox 1477 815 1517 848; x_wconf 93' lang='lat' dir='ltr'>et</span> <span class='ocrx_word' id='word_1_83' title='bbox 1545 822 1633 858; x_wconf 89' lang='lat' dir='ltr'>per-</span> 
     </span>
     <span class='ocr_line' id='line_1_21' title="bbox 289 869 1636 914; baseline 0.001 -11"><span class='ocrx_word' id='word_1_84' title='bbox 289 869 407 914; x_wconf 91' lang='lat' dir='ltr'>cipue</span> <span class='ocrx_word' id='word_1_85' title='bbox 435 869 689 904; x_wconf 83' lang='lat' dir='ltr'>sacerdotum</span> <span class='ocrx_word' id='word_1_86' title='bbox 717 869 1024 914; x_wconf 83' lang='lat' dir='ltr'>parochialium,</span> <span class='ocrx_word' id='word_1_87' title='bbox 1054 871 1094 904; x_wconf 92' lang='lat' dir='ltr'>et</span> <span class='ocrx_word' id='word_1_88' title='bbox 1122 869 1294 904; x_wconf 90' lang='lat' dir='ltr'>aliorum</span> <span class='ocrx_word' id='word_1_89' title='bbox 1321 880 1460 904; x_wconf 91' lang='lat' dir='ltr'>curam</span> <span class='ocrx_word' id='word_1_90' title='bbox 1487 869 1636 904; x_wconf 90' lang='lat' dir='ltr'>haben-</span> 
     </span>
     <span class='ocr_line' id='line_1_22' title="bbox 291 926 1634 961; baseline 0 0"><span class='ocrx_word' id='word_1_91' title='bbox 291 926 400 961; x_wconf 90' lang='lat' dir='ltr'>cium</span> <span class='ocrx_word' id='word_1_92' title='bbox 436 926 677 961; x_wconf 89' lang='lat' dir='ltr'>animarum.</span> <span class='ocrx_word' id='word_1_93' title='bbox 716 926 793 961; x_wconf 81' lang='lat' dir='ltr'>viz.</span> <span class='ocrx_word' id='word_1_94' title='bbox 832 926 882 961; x_wconf 91' lang='lat' dir='ltr'>de</span> <span class='ocrx_word' id='word_1_95' title='bbox 917 926 1254 961; x_wconf 88' lang='lat' dir='ltr'>meditacionibus</span> <span class='ocrx_word' id='word_1_96' title='bbox 1290 927 1443 961; x_wconf 90' lang='lat' dir='ltr'>sanctis</span> <span class='ocrx_word' id='word_1_97' title='bbox 1471 952 1634 960; x_wconf 89' lang='grc'><strong>.....</strong></span> 
     </span>
     <span class='ocr_line' id='line_1_23' title="bbox 291 983 1637 1029; baseline 0.001 -11"><span class='ocrx_word' id='word_1_98' title='bbox 291 984 501 1026; x_wconf 77' lang='lat' dir='ltr'>Quomodo</span> <span class='ocrx_word' id='word_1_99' title='bbox 541 984 726 1018; x_wconf 79' lang='lat' dir='ltr'>sacerdos</span> <span class='ocrx_word' id='word_1_100' title='bbox 766 983 1009 1029; x_wconf 88' lang='lat' dir='ltr'>parochialis</span> <span class='ocrx_word' id='word_1_101' title='bbox 1052 983 1117 1018; x_wconf 92' lang='lat' dir='ltr'>uel</span> <span class='ocrx_word' id='word_1_102' title='bbox 1159 984 1265 1018; x_wconf 89' lang='lat' dir='ltr'>alius</span> <span class='ocrx_word' id='word_1_103' title='bbox 1305 995 1445 1019; x_wconf 91' lang='lat' dir='ltr'>curam</span> <span class='ocrx_word' id='word_1_104' title='bbox 1482 984 1637 1020; x_wconf 87' lang='lat' dir='ltr'>habens</span> 
     </span>
     <span class='ocr_line' id='line_1_24' title="bbox 293 1041 1636 1086; baseline 0 -11"><span class='ocrx_word' id='word_1_105' title='bbox 293 1041 521 1076; x_wconf 89' lang='lat' dir='ltr'>animarum</span> <span class='ocrx_word' id='word_1_106' title='bbox 542 1052 585 1077; x_wconf 90' lang='lat' dir='ltr'>se</span> <span class='ocrx_word' id='word_1_107' title='bbox 606 1041 724 1076; x_wconf 91' lang='lat' dir='ltr'>debet</span> <span class='ocrx_word' id='word_1_108' title='bbox 745 1041 891 1076; x_wconf 86' lang='lat' dir='ltr'>habere</span> <span class='ocrx_word' id='word_1_109' title='bbox 912 1041 955 1075; x_wconf 92' lang='lat' dir='ltr'>in</span> <span class='ocrx_word' id='word_1_110' title='bbox 979 1041 1167 1086; x_wconf 86' lang='lat' dir='ltr'>regendo,</span> <span class='ocrx_word' id='word_1_111' title='bbox 1191 1041 1434 1086; x_wconf 87' lang='lat' dir='ltr'>predicando</span> <span class='ocrx_word' id='word_1_112' title='bbox 1454 1044 1495 1076; x_wconf 92' lang='lat' dir='ltr'>et</span> <span class='ocrx_word' id='word_1_113' title='bbox 1514 1041 1636 1076; x_wconf 81' lang='lat' dir='ltr'>infor-</span> 
     </span>
     <span class='ocr_line' id='line_1_25' title="bbox 291 1098 1638 1144; baseline 0.001 -12"><span class='ocrx_word' id='word_1_114' title='bbox 291 1098 439 1133; x_wconf 90' lang='lat' dir='ltr'>mando</span> <span class='ocrx_word' id='word_1_115' title='bbox 467 1125 629 1132; x_wconf 91' lang='grc'><strong>.....</strong></span> <span class='ocrx_word' id='word_1_116' title='bbox 661 1100 720 1143; x_wconf 91' lang='lat'>(17</span> <span class='ocrx_word' id='word_1_117' title='bbox 766 1098 882 1133; x_wconf 92' lang='lat' dir='ltr'>other</span> <span class='ocrx_word' id='word_1_118' title='bbox 927 1098 1126 1144; x_wconf 88' lang='lat' dir='ltr'>headings</span> <span class='ocrx_word' id='word_1_119' title='bbox 1172 1099 1341 1134; x_wconf 80' lang='lat' dir='ltr'>relative</span> <span class='ocrx_word' id='word_1_120' title='bbox 1385 1101 1428 1133; x_wconf 93' lang='lat' dir='ltr'>to</span> <span class='ocrx_word' id='word_1_121' title='bbox 1473 1098 1638 1134; x_wconf 85' lang='lat' dir='ltr'>various</span> 
     </span>
     <span class='ocr_line' id='line_1_26' title="bbox 293 1155 1636 1202; baseline 0 -12"><span class='ocrx_word' id='word_1_122' title='bbox 293 1155 428 1191; x_wconf 90' lang='lat' dir='ltr'>duties</span> <span class='ocrx_word' id='word_1_123' title='bbox 448 1156 488 1190; x_wconf 77' lang='lat' dir='ltr'>of</span> <span class='ocrx_word' id='word_1_124' title='bbox 508 1167 531 1190; x_wconf 93' lang='lat' dir='ltr'>a</span> <span class='ocrx_word' id='word_1_125' title='bbox 552 1155 691 1201; x_wconf 87' lang='lat' dir='ltr'>parish</span> <span class='ocrx_word' id='word_1_126' title='bbox 712 1156 852 1201; x_wconf 89' lang='lat' dir='ltr'>priest,</span> <span class='ocrx_word' id='word_1_127' title='bbox 874 1156 1094 1201; x_wconf 88' lang='lat' dir='ltr'>especially</span> <span class='ocrx_word' id='word_1_128' title='bbox 1115 1156 1159 1191; x_wconf 88' lang='lat' dir='ltr'>in</span> <span class='ocrx_word' id='word_1_129' title='bbox 1180 1156 1351 1202; x_wconf 78' lang='lat' dir='ltr'>hearing</span> <span class='ocrx_word' id='word_1_130' title='bbox 1371 1156 1636 1199; x_wconf 85' lang='lat' dir='ltr'>confessions,</span> 
     </span>
     <span class='ocr_line' id='line_1_27' title="bbox 293 1213 1638 1259; baseline 0 -11"><span class='ocrx_word' id='word_1_131' title='bbox 293 1213 372 1248; x_wconf 91' lang='lat' dir='ltr'>and</span> <span class='ocrx_word' id='word_1_132' title='bbox 401 1213 599 1248; x_wconf 83' lang='lat' dir='ltr'>therefore</span> <span class='ocrx_word' id='word_1_133' title='bbox 630 1226 652 1250; x_wconf 87' lang='lat' dir='ltr'>a</span> <span class='ocrx_word' id='word_1_134' title='bbox 682 1215 808 1258; x_wconf 77' lang='lat' dir='ltr'>priori</span> <span class='ocrx_word' id='word_1_135' title='bbox 839 1213 1028 1258; x_wconf 87' lang='lat' dir='ltr'>unlikely</span> <span class='ocrx_word' id='word_1_136' title='bbox 1056 1216 1099 1248; x_wconf 91' lang='lat' dir='ltr'>to</span> <span class='ocrx_word' id='word_1_137' title='bbox 1128 1213 1232 1249; x_wconf 80' lang='lat' dir='ltr'>have</span> <span class='ocrx_word' id='word_1_138' title='bbox 1261 1214 1362 1248; x_wconf 87' lang='lat' dir='ltr'>been</span> <span class='ocrx_word' id='word_1_139' title='bbox 1392 1213 1553 1249; x_wconf 81' lang='lat' dir='ltr'>written</span> <span class='ocrx_word' id='word_1_140' title='bbox 1582 1213 1638 1259; x_wconf 88' lang='lat' dir='ltr'>by</span> 
     </span>
     <span class='ocr_line' id='line_1_28' title="bbox 292 1270 1165 1316; baseline 0 -11"><span class='ocrx_word' id='word_1_141' title='bbox 292 1270 421 1314; x_wconf 90' lang='lat' dir='ltr'>Rolle‚</span> <span class='ocrx_word' id='word_1_142' title='bbox 449 1271 539 1305; x_wconf 87' lang='lat' dir='ltr'>who</span> <span class='ocrx_word' id='word_1_143' title='bbox 566 1281 646 1305; x_wconf 87' lang='lat' dir='ltr'>was</span> <span class='ocrx_word' id='word_1_144' title='bbox 673 1273 744 1305; x_wconf 89' lang='lat' dir='ltr'>not</span> <span class='ocrx_word' id='word_1_145' title='bbox 769 1282 792 1305; x_wconf 89' lang='lat' dir='ltr'>a</span> <span class='ocrx_word' id='word_1_146' title='bbox 819 1271 946 1316; x_wconf 88' lang='lat' dir='ltr'>priest</span> <span class='ocrx_word' id='word_1_147' title='bbox 972 1270 1165 1316; x_wconf 81' lang='lat' dir='ltr'>himself.)</span> 
     </span>
    </p>

    <p class='ocr_par' dir='ltr' id='par_1_13' title="bbox 297 1328 1385 1364">
     <span class='ocr_line' id='line_1_29' title="bbox 297 1328 1385 1364; baseline -0.001 -1"><span class='ocrx_word' id='word_1_148' title='bbox 297 1328 436 1363; x_wconf 88' lang='lat' dir='ltr'>Iudica</span> <span class='ocrx_word' id='word_1_149' title='bbox 462 1339 527 1363; x_wconf 93' lang='lat' dir='ltr'>me</span> <span class='ocrx_word' id='word_1_150' title='bbox 551 1328 651 1363; x_wconf 91' lang='lat' dir='ltr'>deus</span> <span class='ocrx_word' id='word_1_151' title='bbox 677 1331 718 1364; x_wconf 91' lang='lat' dir='ltr'>et</span> <span class='ocrx_word' id='word_1_152' title='bbox 742 1328 924 1363; x_wconf 88' lang='lat' dir='ltr'>discerne</span> <span class='ocrx_word' id='word_1_153' title='bbox 950 1338 1114 1363; x_wconf 89' lang='lat' dir='ltr'>causam</span> <span class='ocrx_word' id='word_1_154' title='bbox 1139 1338 1271 1363; x_wconf 92' lang='lat' dir='ltr'>meam</span> <span class='ocrx_word' id='word_1_155' title='bbox 1300 1356 1307 1362; x_wconf 93' lang='lat'>.</span> <span class='ocrx_word' id='word_1_156' title='bbox 1339 1355 1346 1362; x_wconf 93' lang='lat'>.</span> <span class='ocrx_word' id='word_1_157' title='bbox 1377 1355 1385 1363; x_wconf 85' lang='lat'><strong><em>.</em></strong></span> 
     </span>
    </p>
   </div>
   <div class='ocr_carea' id='block_1_13' title="bbox 300 1394 1637 1499">
    <p class='ocr_par' dir='ltr' id='par_1_14' title="bbox 300 1394 1637 1499">
     <span class='ocr_line' id='line_1_30' title="bbox 377 1394 1637 1441; baseline 0.002 -12"><span class='ocrx_word' id='word_1_158' title='bbox 377 1422 384 1429; x_wconf 91' lang='lat'><strong>.</strong></span> <span class='ocrx_word' id='word_1_159' title='bbox 416 1422 423 1429; x_wconf 90' lang='lat'><strong>.</strong></span> <span class='ocrx_word' id='word_1_160' title='bbox 451 1397 491 1430; x_wconf 91' lang='lat' dir='ltr'>et</span> <span class='ocrx_word' id='word_1_161' title='bbox 511 1405 656 1441; x_wconf 90' lang='lat' dir='ltr'>penam</span> <span class='ocrx_word' id='word_1_162' title='bbox 679 1394 837 1431; x_wconf 89' lang='lat' dir='ltr'>addidit</span> <span class='ocrx_word' id='word_1_163' title='bbox 857 1395 994 1430; x_wconf 88' lang='lat' dir='ltr'>dicens</span> <span class='ocrx_word' id='word_1_164' title='bbox 1015 1407 1022 1430; x_wconf 90' lang='lat'><strong>:</strong></span> <span class='ocrx_word' id='word_1_165' title='bbox 1051 1396 1111 1430; x_wconf 90' lang='lat' dir='ltr'>Ne</span> <span class='ocrx_word' id='word_1_166' title='bbox 1131 1395 1208 1430; x_wconf 88' lang='lat' dir='ltr'>tibi</span> <span class='ocrx_word' id='word_1_167' title='bbox 1230 1395 1406 1431; x_wconf 91' lang='lat' dir='ltr'>deterius</span> <span class='ocrx_word' id='word_1_168' title='bbox 1426 1395 1637 1441; x_wconf 89' lang='lat' dir='ltr'>contingat</span> 
     </span>
     <span class='ocr_line' id='line_1_31' title="bbox 300 1451 1145 1499; baseline 0.001 -13"><span class='ocrx_word' id='word_1_169' title='bbox 300 1454 397 1498; x_wconf 89' lang='lat' dir='ltr'>(rest</span> <span class='ocrx_word' id='word_1_170' title='bbox 421 1452 461 1487; x_wconf 79' lang='lat' dir='ltr'>of</span> <span class='ocrx_word' id='word_1_171' title='bbox 484 1452 649 1488; x_wconf 88' lang='lat' dir='ltr'>treatise</span> <span class='ocrx_word' id='word_1_172' title='bbox 673 1451 915 1498; x_wconf 89' lang='lat' dir='ltr'>apparently</span> <span class='ocrx_word' id='word_1_173' title='bbox 939 1452 1145 1499; x_wconf 86' lang='lat' dir='ltr'>missing).</span> 
     </span>
    </p>
   </div>
   <div class='ocr_carea' id='block_1_14' title="bbox 298 1517 1448 1622">
    <p class='ocr_par' dir='ltr' id='par_1_15' title="bbox 298 1517 1448 1622">
     <span class='ocr_line' id='line_1_32' title="bbox 299 1517 1448 1564; baseline -0.001 -11"><span class='ocrx_word' id='word_1_174' title='bbox 299 1518 377 1553; x_wconf 91' lang='lat' dir='ltr'>Hic</span> <span class='ocrx_word' id='word_1_175' title='bbox 406 1518 551 1564; x_wconf 89' lang='lat' dir='ltr'>incipit</span> <span class='ocrx_word' id='word_1_176' title='bbox 579 1518 723 1553; x_wconf 91' lang='lat' dir='ltr'>Oleum</span> <span class='ocrx_word' id='word_1_177' title='bbox 751 1517 927 1554; x_wconf 80' lang='lat' dir='ltr'>effusum</span> <span class='ocrx_word' id='word_1_178' title='bbox 953 1528 1100 1553; x_wconf 91' lang='lat' dir='ltr'>nomen</span> <span class='ocrx_word' id='word_1_179' title='bbox 1128 1520 1246 1553; x_wconf 92' lang='lat' dir='ltr'>tuum</span> <span class='ocrx_word' id='word_1_180' title='bbox 1273 1517 1448 1553; x_wconf 87' lang='lat' dir='ltr'>Ricardi.</span> 
     </span>
     <span class='ocr_line' id='line_1_33' title="bbox 298 1575 1376 1622; baseline -0.004 -9"><span class='ocrx_word' id='word_1_181' title='bbox 298 1575 508 1622; x_wconf 83' lang='lat' dir='ltr'>Expulsus</span> <span class='ocrx_word' id='word_1_182' title='bbox 537 1587 560 1611; x_wconf 93' lang='lat' dir='ltr'>a</span> <span class='ocrx_word' id='word_1_183' title='bbox 587 1575 776 1621; x_wconf 87' lang='lat' dir='ltr'>paradiso</span> <span class='ocrx_word' id='word_1_184' title='bbox 802 1586 876 1622; x_wconf 88' lang='lat' dir='ltr'>pro</span> <span class='ocrx_word' id='word_1_185' title='bbox 901 1575 1225 1621; x_wconf 86' lang='lat' dir='ltr'>transgressione</span> <span class='ocrx_word' id='word_1_186' title='bbox 1253 1603 1260 1609; x_wconf 92' lang='lat'><strong>.</strong></span> <span class='ocrx_word' id='word_1_187' title='bbox 1291 1603 1298 1609; x_wconf 93' lang='lat'>.</span> <span class='ocrx_word' id='word_1_188' title='bbox 1330 1603 1337 1609; x_wconf 93' lang='lat'>.</span> <span class='ocrx_word' id='word_1_189' title='bbox 1369 1603 1376 1609; x_wconf 94' lang='lat'><em>.</em></span> 
     </span>
    </p>
   </div>
   <div class='ocr_carea' id='block_1_15' title="bbox 298 1640 1636 1736">
    <p class='ocr_par' dir='ltr' id='par_1_16' title="bbox 298 1640 1636 1736">
     <span class='ocr_line' id='line_1_34' title="bbox 302 1640 1636 1680; baseline -0.003 0"><span class='ocrx_word' id='word_1_190' title='bbox 302 1643 447 1680; x_wconf 88' lang='lat' dir='ltr'>Oleum</span> <span class='ocrx_word' id='word_1_191' title='bbox 493 1643 667 1679; x_wconf 83' lang='lat' dir='ltr'>effusum</span> <span class='ocrx_word' id='word_1_192' title='bbox 715 1654 862 1679; x_wconf 90' lang='lat' dir='ltr'>nomen</span> <span class='ocrx_word' id='word_1_193' title='bbox 909 1646 1223 1678; x_wconf 89' lang='lat' dir='ltr'>tuum—nomen</span> <span class='ocrx_word' id='word_1_194' title='bbox 1270 1642 1388 1678; x_wconf 91' lang='lat' dir='ltr'>ihesu</span> <span class='ocrx_word' id='word_1_195' title='bbox 1430 1641 1546 1677; x_wconf 89' lang='lat' dir='ltr'>uenit</span> <span class='ocrx_word' id='word_1_196' title='bbox 1592 1640 1636 1676; x_wconf 91' lang='lat' dir='ltr'>in</span> 
     </span>
     <span class='ocr_line' id='line_1_35' title="bbox 298 1700 510 1736; baseline 0.005 -2"><span class='ocrx_word' id='word_1_197' title='bbox 298 1700 510 1736; x_wconf 87' lang='lat' dir='ltr'>mundum.</span> 
     </span>
    </p>
   </div>
   <div class='ocr_carea' id='block_1_16' title="bbox 300 1765 1642 1928">
    <p class='ocr_par' dir='ltr' id='par_1_17' title="bbox 300 1765 1642 1928">
     <span class='ocr_line' id='line_1_36' title="bbox 300 1765 1493 1802; baseline -0.003 0"><span class='ocrx_word' id='word_1_198' title='bbox 300 1795 308 1802; x_wconf 89' lang='lat'>.</span> <span class='ocrx_word' id='word_1_199' title='bbox 339 1795 346 1801; x_wconf 94' lang='lat'>.</span> <span class='ocrx_word' id='word_1_200' title='bbox 378 1794 385 1802; x_wconf 89' lang='lat'><strong>.</strong></span> <span class='ocrx_word' id='word_1_201' title='bbox 416 1794 423 1801; x_wconf 88' lang='lat'><strong>.</strong></span> <span class='ocrx_word' id='word_1_202' title='bbox 452 1767 506 1802; x_wconf 91' lang='lat' dir='ltr'>sit</span> <span class='ocrx_word' id='word_1_203' title='bbox 534 1766 791 1802; x_wconf 88' lang='lat' dir='ltr'>benedictum</span> <span class='ocrx_word' id='word_1_204' title='bbox 821 1766 865 1801; x_wconf 92' lang='lat' dir='ltr'>in</span> <span class='ocrx_word' id='word_1_205' title='bbox 892 1765 1028 1801; x_wconf 90' lang='lat' dir='ltr'>secula</span> <span class='ocrx_word' id='word_1_206' title='bbox 1056 1765 1297 1801; x_wconf 90' lang='lat' dir='ltr'>seculorum.</span> <span class='ocrx_word' id='word_1_207' title='bbox 1349 1767 1493 1799; x_wconf 90' lang='lat' dir='ltr'>Amen.</span> 
     </span>
     <span class='ocr_line' id='line_1_37' title="bbox 347 1821 1642 1869; baseline -0.002 -9"><span class='ocrx_word' id='word_1_208' title='bbox 347 1824 658 1860; x_wconf 86' lang='lat' dir='ltr'>Adolescentule</span> <span class='ocrx_word' id='word_1_209' title='bbox 682 1824 915 1859; x_wconf 89' lang='lat' dir='ltr'>dilexerunt</span> <span class='ocrx_word' id='word_1_210' title='bbox 943 1851 950 1858; x_wconf 92' lang='lat'><strong>.</strong></span> <span class='ocrx_word' id='word_1_211' title='bbox 982 1851 988 1858; x_wconf 95' lang='lat'><strong><em>.</em></strong></span> <span class='ocrx_word' id='word_1_212' title='bbox 1021 1851 1027 1857; x_wconf 94' lang='lat'><em>.</em></span> <span class='ocrx_word' id='word_1_213' title='bbox 1059 1851 1066 1858; x_wconf 91' lang='lat'><strong>.</strong></span> <span class='ocrx_word' id='word_1_214' title='bbox 1099 1823 1225 1869; x_wconf 89' lang='lat' dir='ltr'>(then,</span> <span class='ocrx_word' id='word_1_215' title='bbox 1251 1822 1423 1858; x_wconf 82' lang='lat' dir='ltr'>without</span> <span class='ocrx_word' id='word_1_216' title='bbox 1446 1821 1571 1857; x_wconf 89' lang='lat' dir='ltr'>break</span> <span class='ocrx_word' id='word_1_217' title='bbox 1595 1831 1642 1856; x_wconf 90' lang='lat' dir='ltr'>or</span> 
     </span>
     <span class='ocr_line' id='line_1_38' title="bbox 300 1882 733 1928; baseline -0.002 -11"><span class='ocrx_word' id='word_1_218' title='bbox 300 1882 470 1928; x_wconf 90' lang='lat' dir='ltr'>capitals</span> <span class='ocrx_word' id='word_1_219' title='bbox 497 1882 575 1928; x_wconf 91' lang='lat' dir='ltr'>till)</span> <span class='ocrx_word' id='word_1_220' title='bbox 609 1910 616 1916; x_wconf 93' lang='lat'>.</span> <span class='ocrx_word' id='word_1_221' title='bbox 648 1910 655 1916; x_wconf 92' lang='lat'>.</span> <span class='ocrx_word' id='word_1_222' title='bbox 687 1909 694 1916; x_wconf 92' lang='lat'><strong>.</strong></span> <span class='ocrx_word' id='word_1_223' title='bbox 726 1910 733 1916; x_wconf 91' lang='lat'>.</span> 
     </span>
    </p>
   </div>
   <div class='ocr_carea' id='block_1_17' title="bbox 300 1943 1643 2166">
    <p class='ocr_par' dir='ltr' id='par_1_18' title="bbox 300 1943 1642 2108">
     <span class='ocr_line' id='line_1_39' title="bbox 303 1943 1640 1990; baseline -0.004 -6"><span class='ocrx_word' id='word_1_224' title='bbox 303 1976 310 1983; x_wconf 92' lang='lat'><strong><em>.</em></strong></span> <span class='ocrx_word' id='word_1_225' title='bbox 341 1978 348 1984; x_wconf 89' lang='lat'><em>.</em></span> <span class='ocrx_word' id='word_1_226' title='bbox 381 1977 387 1983; x_wconf 93' lang='lat'><em>.</em></span> <span class='ocrx_word' id='word_1_227' title='bbox 419 1976 426 1983; x_wconf 91' lang='lat'><strong>.</strong></span> <span class='ocrx_word' id='word_1_228' title='bbox 454 1948 634 1984; x_wconf 89' lang='lat' dir='ltr'>illaberis</span> <span class='ocrx_word' id='word_1_229' title='bbox 661 1948 764 1984; x_wconf 89' lang='lat' dir='ltr'>mihi</span> <span class='ocrx_word' id='word_1_230' title='bbox 791 1948 835 1983; x_wconf 90' lang='lat' dir='ltr'>in</span> <span class='ocrx_word' id='word_1_231' title='bbox 863 1951 933 1983; x_wconf 91' lang='lat' dir='ltr'>tua</span> <span class='ocrx_word' id='word_1_232' title='bbox 959 1947 1185 1990; x_wconf 88' lang='lat' dir='ltr'>dulcedine,</span> <span class='ocrx_word' id='word_1_233' title='bbox 1213 1949 1260 1982; x_wconf 89' lang='lat' dir='ltr'>tu</span> <span class='ocrx_word' id='word_1_234' title='bbox 1285 1957 1443 1981; x_wconf 89' lang='lat' dir='ltr'>mecum</span> <span class='ocrx_word' id='word_1_235' title='bbox 1471 1948 1512 1980; x_wconf 87' lang='lat' dir='ltr'>et</span> <span class='ocrx_word' id='word_1_236' title='bbox 1537 1943 1640 1980; x_wconf 84' lang='lat' dir='ltr'>meis</span> 
     </span>
     <span class='ocr_line' id='line_1_40' title="bbox 300 2002 1642 2050; baseline -0.003 -9"><span class='ocrx_word' id='word_1_237' title='bbox 300 2006 534 2041; x_wconf 90' lang='lat' dir='ltr'>commende</span> <span class='ocrx_word' id='word_1_238' title='bbox 560 2006 649 2041; x_wconf 92' lang='lat' dir='ltr'>sine</span> <span class='ocrx_word' id='word_1_239' title='bbox 675 2006 767 2040; x_wconf 88' lang='lat' dir='ltr'>fine.</span> <span class='ocrx_word' id='word_1_240' title='bbox 818 2016 949 2040; x_wconf 87' lang='lat' dir='ltr'>amen.</span> <span class='ocrx_word' id='word_1_241' title='bbox 1005 2005 1101 2050; x_wconf 80' lang='lat' dir='ltr'>(i.e.,</span> <span class='ocrx_word' id='word_1_242' title='bbox 1128 2004 1199 2038; x_wconf 90' lang='lat' dir='ltr'>the</span> <span class='ocrx_word' id='word_1_243' title='bbox 1224 2003 1394 2049; x_wconf 84' lang='lat' dir='ltr'>explicit</span> <span class='ocrx_word' id='word_1_244' title='bbox 1420 2002 1460 2037; x_wconf 82' lang='lat' dir='ltr'>of</span> <span class='ocrx_word' id='word_1_245' title='bbox 1486 2002 1557 2037; x_wconf 91' lang='lat' dir='ltr'>the</span> <span class='ocrx_word' id='word_1_246' title='bbox 1584 2004 1642 2037; x_wconf 80' lang='lat' dir='ltr'>De</span> 
     </span>
     <span class='ocr_line' id='line_1_41' title="bbox 303 2062 1120 2108; baseline -0.001 -10"><span class='ocrx_word' id='word_1_247' title='bbox 303 2074 435 2100; x_wconf 83' lang='lat' dir='ltr'>amore</span> <span class='ocrx_word' id='word_1_248' title='bbox 465 2065 528 2100; x_wconf 80' lang='lat' dir='ltr'>dez·</span> <span class='ocrx_word' id='word_1_249' title='bbox 557 2068 694 2100; x_wconf 76' lang='lat' dir='ltr'>contra</span> <span class='ocrx_word' id='word_1_250' title='bbox 722 2067 920 2100; x_wconf 79' lang='lat' dir='ltr'>amatores</span> <span class='ocrx_word' id='word_1_251' title='bbox 948 2062 1120 2108; x_wconf 81' lang='lat' dir='ltr'>mundi.)</span> 
     </span>
    </p>

    <p class='ocr_par' dir='ltr' id='par_1_19' title="bbox 303 2117 1643 2166">
     <span class='ocr_line' id='line_1_42' title="bbox 303 2117 1643 2166; baseline -0.004 -10"><span class='ocrx_word' id='word_1_252' title='bbox 303 2122 424 2156; x_wconf 89' lang='lat' dir='ltr'>Parce</span> <span class='ocrx_word' id='word_1_253' title='bbox 443 2121 544 2156; x_wconf 90' lang='lat' dir='ltr'>mihi</span> <span class='ocrx_word' id='word_1_254' title='bbox 565 2121 738 2156; x_wconf 88' lang='lat' dir='ltr'>Domine</span> <span class='ocrx_word' id='word_1_255' title='bbox 761 2122 857 2166; x_wconf 80' lang='lat' dir='ltr'>(i.e.,</span> <span class='ocrx_word' id='word_1_256' title='bbox 878 2120 948 2155; x_wconf 89' lang='lat' dir='ltr'>the</span> <span class='ocrx_word' id='word_1_257' title='bbox 967 2122 1125 2156; x_wconf 82' lang='lat' dir='ltr'>Nouem</span> <span class='ocrx_word' id='word_1_258' title='bbox 1147 2121 1340 2155; x_wconf 77' lang='lat' dir='ltr'>Lecciones</span> <span class='ocrx_word' id='word_1_259' title='bbox 1359 2117 1643 2162; x_wconf 77' lang='lat' dir='ltr'>mortuorum).</span> 
     </span>
    </p>
   </div>
   <div class='ocr_carea' id='block_1_18' title="bbox 299 2183 1649 2748">
    <p class='ocr_par' dir='ltr' id='par_1_20' title="bbox 299 2183 1646 2337">
     <span class='ocr_line' id='line_1_43' title="bbox 304 2183 1643 2234; baseline -0.001 -12"><span class='ocrx_word' id='word_1_260' title='bbox 304 2215 312 2222; x_wconf 87' lang='lat'><strong>.</strong></span> <span class='ocrx_word' id='word_1_261' title='bbox 343 2215 350 2222; x_wconf 90' lang='lat'><strong>.</strong></span> <span class='ocrx_word' id='word_1_262' title='bbox 382 2215 389 2222; x_wconf 92' lang='lat'><strong>.</strong></span> <span class='ocrx_word' id='word_1_263' title='bbox 420 2215 428 2222; x_wconf 95' lang='lat'><strong><em>.</em></strong></span> <span class='ocrx_word' id='word_1_264' title='bbox 456 2187 640 2234; x_wconf 89' lang='lat' dir='ltr'>Explicit</span> <span class='ocrx_word' id='word_1_265' title='bbox 671 2188 749 2223; x_wconf 85' lang='lat' dir='ltr'>iste</span> <span class='ocrx_word' id='word_1_266' title='bbox 779 2190 976 2223; x_wconf 85' lang='lat' dir='ltr'>tractatus</span> <span class='ocrx_word' id='word_1_267' title='bbox 1009 2197 1128 2232; x_wconf 90' lang='lat' dir='ltr'>quem</span> <span class='ocrx_word' id='word_1_268' title='bbox 1159 2185 1366 2231; x_wconf 90' lang='lat' dir='ltr'>componit</span> <span class='ocrx_word' id='word_1_269' title='bbox 1397 2183 1643 2220; x_wconf 85' lang='lat' dir='ltr'>uenerabilis</span> 
     </span>
     <span class='ocr_line' id='line_1_44' title="bbox 299 2242 1646 2290; baseline -0.003 -10"><span class='ocrx_word' id='word_1_270' title='bbox 299 2245 497 2282; x_wconf 92' lang='lat' dir='ltr'>Ricardus</span> <span class='ocrx_word' id='word_1_271' title='bbox 522 2245 731 2280; x_wconf 89' lang='lat' dir='ltr'>Heremita</span> <span class='ocrx_word' id='word_1_272' title='bbox 755 2255 878 2290; x_wconf 88' lang='lat' dir='ltr'>super</span> <span class='ocrx_word' id='word_1_273' title='bbox 901 2243 1202 2290; x_wconf 89' lang='lat' dir='ltr'>exposicionem</span> <span class='ocrx_word' id='word_1_274' title='bbox 1225 2242 1271 2277; x_wconf 93' lang='lat' dir='ltr'>ix</span> <span class='ocrx_word' id='word_1_275' title='bbox 1295 2242 1519 2277; x_wconf 87' lang='lat' dir='ltr'>leccionum</span> <span class='ocrx_word' id='word_1_276' title='bbox 1543 2251 1646 2276; x_wconf 90' lang='lat' dir='ltr'>mor-</span> 
     </span>
     <span class='ocr_line' id='line_1_45' title="bbox 304 2305 480 2337; baseline 0 0"><span class='ocrx_word' id='word_1_277' title='bbox 304 2305 480 2337; x_wconf 87' lang='lat' dir='ltr'>tuorum.</span> 
     </span>
    </p>

    <p class='ocr_par' dir='ltr' id='par_1_21' title="bbox 306 2355 1648 2634">
     <span class='ocr_line' id='line_1_46' title="bbox 309 2355 1643 2405; baseline -0.003 -11"><span class='ocrx_word' id='word_1_278' title='bbox 309 2360 479 2405; x_wconf 88' lang='lat' dir='ltr'>(Scribal</span> <span class='ocrx_word' id='word_1_279' title='bbox 518 2362 638 2394; x_wconf 88' lang='lat' dir='ltr'>note:</span> <span class='ocrx_word' id='word_1_280' title='bbox 685 2359 827 2394; x_wconf 88' lang='lat' dir='ltr'>dextra</span> <span class='ocrx_word' id='word_1_281' title='bbox 866 2357 1080 2395; x_wconf 87' lang='lat' dir='ltr'>scribentis</span> <span class='ocrx_word' id='word_1_282' title='bbox 1120 2359 1284 2402; x_wconf 84' lang='lat' dir='ltr'>regatur</span> <span class='ocrx_word' id='word_1_283' title='bbox 1321 2355 1643 2402; x_wconf 88' lang='lat' dir='ltr'>omnipotentis.)</span> 
     </span>
     <span class='ocr_line' id='line_1_47' title="bbox 306 2412 1646 2463; baseline -0.003 -11"><span class='ocrx_word' id='word_1_284' title='bbox 306 2417 386 2452; x_wconf 88' lang='lat' dir='ltr'>Hic</span> <span class='ocrx_word' id='word_1_285' title='bbox 413 2417 558 2463; x_wconf 89' lang='lat' dir='ltr'>incipit</span> <span class='ocrx_word' id='word_1_286' title='bbox 586 2416 823 2452; x_wconf 89' lang='lat' dir='ltr'>Incendium</span> <span class='ocrx_word' id='word_1_287' title='bbox 851 2415 999 2451; x_wconf 91' lang='lat' dir='ltr'>amoris</span> <span class='ocrx_word' id='word_1_288' title='bbox 1027 2414 1157 2450; x_wconf 89' lang='lat' dir='ltr'>sancti</span> <span class='ocrx_word' id='word_1_289' title='bbox 1185 2414 1347 2449; x_wconf 90' lang='lat' dir='ltr'>Ricardi</span> <span class='ocrx_word' id='word_1_290' title='bbox 1374 2413 1569 2449; x_wconf 90' lang='lat' dir='ltr'>heremite</span> <span class='ocrx_word' id='word_1_291' title='bbox 1595 2412 1646 2448; x_wconf 89' lang='lat' dir='ltr'>de</span> 
     </span>
     <span class='ocr_line' id='line_1_48' title="bbox 307 2470 1647 2520; baseline -0.003 -11"><span class='ocrx_word' id='word_1_292' title='bbox 307 2474 525 2520; x_wconf 89' lang='lat' dir='ltr'>Hampule.</span> <span class='ocrx_word' id='word_1_293' title='bbox 577 2473 821 2509; x_wconf 89' lang='lat' dir='ltr'>Admirabar</span> <span class='ocrx_word' id='word_1_294' title='bbox 864 2472 1040 2519; x_wconf 87' lang='lat' dir='ltr'>amplius</span> <span class='ocrx_word' id='word_1_295' title='bbox 1087 2482 1208 2518; x_wconf 91' lang='lat' dir='ltr'>quam</span> <span class='ocrx_word' id='word_1_296' title='bbox 1253 2471 1439 2507; x_wconf 90' lang='lat' dir='ltr'>enuncio.</span> <span class='ocrx_word' id='word_1_297' title='bbox 1509 2470 1647 2518; x_wconf 84' lang='lat' dir='ltr'>(Short</span> 
     </span>
     <span class='ocr_line' id='line_1_49' title="bbox 306 2527 1648 2575; baseline -0.004 -8"><span class='ocrx_word' id='word_1_298' title='bbox 306 2534 397 2568; x_wconf 86' lang='lat' dir='ltr'>text</span> <span class='ocrx_word' id='word_1_299' title='bbox 433 2531 474 2566; x_wconf 83' lang='lat' dir='ltr'>of</span> <span class='ocrx_word' id='word_1_300' title='bbox 511 2532 750 2567; x_wconf 78' lang='lat' dir='ltr'>Incendium</span> <span class='ocrx_word' id='word_1_301' title='bbox 787 2530 958 2573; x_wconf 83' lang='lat' dir='ltr'>follows,</span> <span class='ocrx_word' id='word_1_302' title='bbox 996 2529 1066 2566; x_wconf 87' lang='lat' dir='ltr'>the</span> <span class='ocrx_word' id='word_1_303' title='bbox 1103 2529 1291 2575; x_wconf 88' lang='lat' dir='ltr'>chapters</span> <span class='ocrx_word' id='word_1_304' title='bbox 1326 2528 1451 2575; x_wconf 90' lang='lat' dir='ltr'>being</span> <span class='ocrx_word' id='word_1_305' title='bbox 1488 2527 1648 2565; x_wconf 83' lang='lat' dir='ltr'>neither</span> 
     </span>
     <span class='ocr_line' id='line_1_50' title="bbox 306 2588 992 2634; baseline -0.004 -10"><span class='ocrx_word' id='word_1_306' title='bbox 306 2589 476 2624; x_wconf 88' lang='lat' dir='ltr'>marked</span> <span class='ocrx_word' id='word_1_307' title='bbox 501 2599 576 2624; x_wconf 90' lang='lat' dir='ltr'>nor</span> <span class='ocrx_word' id='word_1_308' title='bbox 601 2588 836 2634; x_wconf 89' lang='lat' dir='ltr'>numbered)</span> <span class='ocrx_word' id='word_1_309' title='bbox 869 2615 876 2622; x_wconf 90' lang='lat'><strong>.</strong></span> <span class='ocrx_word' id='word_1_310' title='bbox 908 2615 915 2622; x_wconf 91' lang='lat'><strong>.</strong></span> <span class='ocrx_word' id='word_1_311' title='bbox 946 2614 953 2621; x_wconf 90' lang='lat'><strong>.</strong></span> <span class='ocrx_word' id='word_1_312' title='bbox 985 2615 992 2621; x_wconf 96' lang='lat'>.</span> 
     </span>
    </p>

    <p class='ocr_par' dir='ltr' id='par_1_22' title="bbox 309 2640 1649 2748">
     <span class='ocr_line' id='line_1_51' title="bbox 309 2640 1649 2691; baseline -0.002 -10"><span class='ocrx_word' id='word_1_313' title='bbox 309 2674 317 2681; x_wconf 91' lang='lat'><strong>.</strong></span> <span class='ocrx_word' id='word_1_314' title='bbox 348 2645 601 2681; x_wconf 88' lang='lat' dir='ltr'>...saluus</span> <span class='ocrx_word' id='word_1_315' title='bbox 647 2657 726 2680; x_wconf 90' lang='lat' dir='ltr'>ero.</span> <span class='ocrx_word' id='word_1_316' title='bbox 778 2644 961 2691; x_wconf 85' lang='lat' dir='ltr'>Explicit</span> <span class='ocrx_word' id='word_1_317' title='bbox 1007 2643 1244 2679; x_wconf 90' lang='lat' dir='ltr'>Incendium</span> <span class='ocrx_word' id='word_1_318' title='bbox 1290 2642 1439 2679; x_wconf 89' lang='lat' dir='ltr'>amoris</span> <span class='ocrx_word' id='word_1_319' title='bbox 1484 2640 1649 2678; x_wconf 86' lang='lat' dir='ltr'>Ricardi</span> 
     </span>
     <span class='ocr_line' id='line_1_52' title="bbox 309 2701 1007 2748; baseline -0.004 -9"><span class='ocrx_word' id='word_1_320' title='bbox 309 2703 503 2739; x_wconf 88' lang='lat' dir='ltr'>heremite</span> <span class='ocrx_word' id='word_1_321' title='bbox 531 2703 581 2738; x_wconf 90' lang='lat' dir='ltr'>de</span> <span class='ocrx_word' id='word_1_322' title='bbox 610 2702 821 2748; x_wconf 90' lang='lat' dir='ltr'>Hampull.</span> <span class='ocrx_word' id='word_1_323' title='bbox 874 2701 1007 2736; x_wconf 89' lang='lat' dir='ltr'>Ihesu.</span> 
     </span>
    </p>
   </div>
  </div>
 </body>
</html>
