1881 2985
553 149 664 185 THE
705 149 830 183 WAY
871 147 939 182 OF
977 147 1285 184 PENITENCE
1618 160 1683 194 199

218 264 546 305 Uerumtamen
590 264 866 318 perpendere
900 263 1080 304 deberet
1118 262 1256 304 homo
1297 264 1513 313 mortalis,
1557 266 1678 319 quod

155 345 235 385 per
269 331 390 371 uiam
421 331 690 372 diuiciarum
723 338 763 371 et
799 330 1061 371 deliciarum
1092 329 1434 383 carnaliumque
1469 329 1677 382 uolupta-
1698 333 1806 367 f.33b

155 406 250 438 tum
281 410 515 451 nunquam
545 398 775 450 perueniet
800 397 858 438 ad
883 396 1043 438 celeste
1073 409 1278 450 regnum,
1306 395 1678 450 quandoquidem

155 463 210 504 de
237 463 421 505 Christo
442 465 660 518 scriptum
688 465 758 512 sit,
788 464 923 518 Quod
951 462 1149 517 oportuit
1177 460 1410 504 Christum
1432 462 1528 515 pati
1552 467 1592 503 et
1616 461 1679 502 ‘ita

155 530 320 571 intrare
342 530 391 571 in
416 529 610 585 gloriam
634 531 803 571 εἰιανη.1
863 530 912 572 Si
937 529 1139 570 membra
1164 541 1326 570 sumus
1349 527 1513 580 capitis
1538 526 1678 567 nostri

157 597 291 638 Ihesu
337 597 521 645 Christi,
566 597 721 651 utique
765 609 1006 650 sequemur
1048 596 1224 648 ipsum;
1282 602 1324 635 et
1366 595 1404 636 si
1443 592 1677 633 Christum

154 663 406 717 diligimus,
438 664 553 704 sicut
587 665 682 717 ipse
714 663 966 704 ambulauit
998 670 1040 704 et
1069 676 1151 704 nos
1181 662 1415 702 ambulare
1446 661 1677 702 debemus.

156 729 377 783 Alioquin
401 730 489 770 iam
514 743 604 770 non
624 743 785 771 sumus
805 730 950 784 ipsius
971 730 1186 777 membra,
1208 729 1315 784 quia
1331 730 1388 770 ab
1412 730 1511 782 ipso
1533 728 1679 782 capite

154 796 420 837 diuidimur.
484 796 535 838 Si
569 804 718 837 autem
757 798 813 838 ab
853 810 907 837 eo
941 810 1217 850 separamur,
1257 796 1389 836 ualde
1425 796 1678 836 timendum

153 870 219 904 est
257 863 363 917 quia
405 871 512 904 tunc
551 864 737 904 diabolo
776 864 1113 917 coniungimur,
1156 870 1197 904 et
1238 863 1354 903 facta
1394 863 1679 904 discussione

150 930 366 984 generali,
399 930 602 971 dicturus
627 939 691 971 est
715 930 928 972 Christus
950 931 1056 971 Non
1079 931 1190 971 noui
1215 930 1338 971 uos.2

214 998 317 1052 Ipse
350 1012 459 1039 uero
489 1012 568 1052 per
599 1006 844 1053 angustam
877 1006 1054 1053 portam
1088 1006 1129 1039 et
1163 1006 1305 1039 artam
1337 999 1459 1039 uiam
1494 997 1678 1038 intrauit

154 1066 200 1106 in
228 1066 405 1108 celum:
442 1067 673 1121 quomodo
702 1066 916 1108 uolumus
945 1079 1040 1114 nos,
1072 1067 1149 1120 qui
1176 1066 1326 1107 miseri
1355 1074 1397 1106 et
1417 1072 1680 1119 peccatores

153 1145 326 1180 sumus,
353 1132 409 1173 de
440 1133 720 1187 pauperibus
746 1133 911 1174 diuites
936 1133 1044 1181 fieri,
1078 1133 1390 1187 illecebrisque
1417 1147 1470 1174 ac
1501 1133 1678 1174 blandi-

154 1200 318 1241 mentis
347 1199 483 1241 huius
511 1200 671 1241 mundi
699 1214 784 1253 pro
810 1200 939 1241 libito
967 1201 1102 1250 uesci,
1126 1214 1402 1254 omnemque
1431 1201 1677 1240 uanitatem

152 1280 204 1308 ac
230 1267 471 1308 molliciem
502 1267 651 1308 carnis
678 1274 720 1307 et
749 1267 1099 1308 delectacionem
1127 1275 1351 1320 appetere,
1381 1274 1423 1307 et
1452 1276 1602 1308 tamen
1632 1266 1677 1306 in

153 1333 304 1374 futura
326 1334 421 1374 uita
438 1347 539 1375 cum
561 1333 746 1374 Christo
770 1333 994 1387 regnare?
1055 1332 1268 1374 Christus
1287 1347 1390 1374 cum
1413 1334 1542 1375 diues
1562 1341 1679 1375 esset

154 1414 238 1455 pro
261 1401 395 1442 nobis
415 1400 561 1441 factus
587 1407 653 1441 est
678 1413 853 1453 pauper
871 1400 909 1440 :3
932 1408 974 1441 et
1000 1413 1098 1451 nos,
1125 1413 1226 1441 cum
1253 1412 1415 1441 sumus
1438 1411 1677 1454 pauperes,

153 1467 268 1508 nihil
311 1475 377 1509 est
419 1467 542 1522 quod
585 1476 760 1508 tantum
800 1468 1011 1520 cupimus
1049 1467 1166 1508 sicut
1207 1480 1305 1508 esse
1345 1466 1417 1507 uel
1460 1477 1678 1520 apparere

152 1535 415 1588 locupletes.
479 1534 691 1576 Christus
721 1549 824 1576 cum
855 1543 971 1576 esset
1007 1535 1213 1575 omnium
1252 1534 1391 1581 Deus,
1429 1533 1574 1575 factus
1611 1538 1676 1573 est

150 1603 357 1642 omnium
379 1615 540 1643 seruus
560 1617 570 1642 ε
602 1609 644 1642 et
667 1615 750 1643 nos
773 1615 876 1643 cum
899 1602 1045 1643 simus
1068 1602 1248 1655 indigni
1274 1609 1315 1642 et
1339 1600 1521 1642 inutiles
1542 1599 1676 1646 serui,

150 1668 372 1709 uellemus
422 1676 572 1709 tamen
626 1668 841 1709 omnibus
894 1669 1155 1710 dominari?
1248 1669 1352 1722 Ipse
1403 1682 1507 1709 cum
1559 1674 1677 1708 esset

150 1749 348 1790 magnus
374 1735 513 1785 Deus,
540 1736 686 1777 factus
712 1744 778 1777 est
805 1736 992 1777 humilis
1017 1736 1184 1777 homo:
1219 1743 1260 1777 et
1282 1750 1378 1783 nos,
1403 1749 1505 1777 cum
1533 1736 1678 1776 simus

150 1802 295 1842 infimi
319 1809 361 1843 et
387 1803 528 1844 exiles
553 1802 774 1855 homines,
802 1803 847 1842 in
875 1810 1049 1844 tantum
1078 1817 1163 1857 pro
1187 1803 1402 1856 superbia
1426 1817 1509 1844 nos
1536 1802 1676 1844 extol-

149 1870 297 1918 limus,
312 1870 441 1924 quasi
468 1870 544 1910 Dii
567 1883 785 1911 essemus.
844 1870 947 1923 Ipse
968 1883 1070 1911 curn
1091 1870 1358 1911 hominibus
1378 1876 1677 1912 conuersatus

150 1944 228 1985 est,
266 1944 313 1977 ut
350 1950 435 1978 nos
470 1937 662 1992 erigeret
693 1938 752 1978 ad
789 1938 1004 1979 celescia:
1045 1946 1086 1979 et
1125 1951 1208 1979 nos
1240 1951 1320 1992 per
1356 1945 1495 1978 totam
1534 1938 1674 1978 uitam

152 2012 352 2046 nostram
385 2005 696 2047 desideramus
728 2013 918 2046 terrena.
984 2005 1182 2046 Proinde
1216 2013 1337 2059 patet
1372 2006 1494 2060 quod
1525 2006 1675 2058 ipsum

151 2085 243 2113 non
275 2072 526 2126 diligimus,
560 2073 667 2127 quia
706 2073 853 2126 ipsius
890 2072 1113 2113 uoluntati
1153 2073 1434 2113 uoluntatem
1476 2078 1675 2112 nostram

152 2152 243 2179 non
281 2138 632 2186 conformamus,
666 2153 812 2193 neque
850 2139 1036 2192 implere
1067 2140 1322 2193 satagimus
1357 2139 1479 2193 quod
1513 2137 1676 2180 cotidie

155 2205 456 2259 postulamus,
487 2205 687 2247 dicentes
719 2207 757 2247 F
760 2207 821 2248 iat
851 2207 1066 2247 uoluntas
1098 2211 1174 2248 tua
1206 2205 1322 2248 sicut
1350 2207 1398 2248 in
1432 2207 1523 2247 celo
1559 2212 1599 2248 et
1631 2206 1679 2247 in

149 2278 280 2315 terra.
383 2272 568 2314 Frustra
605 2274 832 2327 siquidem
877 2273 1141 2314 huiusmodi
1186 2273 1397 2314 homines
1437 2276 1676 2312 autumant

151 2353 198 2381 se
228 2347 520 2393 percepturos
552 2340 844 2382 hereditatem
877 2355 979 2383 cum
1009 2342 1173 2393 electis,
1206 2341 1312 2396 quia
1345 2339 1677 2393 redempcionis

156 2405 327 2447 Christi
376 2420 468 2448 non
512 2416 618 2449 sunt
665 2409 922 2462 participes,
968 2409 1045 2462 qui
1089 2409 1363 2462 sanguinem
1413 2420 1492 2460 per
1540 2418 1674 2460 quem

156 2473 376 2526 redempti
399 2487 573 2526 sumuS‚
601 2489 680 2529 per
702 2489 810 2518 suas
829 2476 1009 2530 iniquas
1033 2483 1074 2516 et
1100 2476 1360 2517 immundas
1384 2474 1677 2528 operaciones

152 2540 423 2594 despiciunt,
451 2549 492 2582 et
518 2542 740 2584 diabolice
764 2543 970 2585 seruituti
999 2550 1161 2596 sponte
1188 2557 1236 2585 se
1259 2542 1512 2595 subdunt]

217 2683 245 2713 1.
271 2680 358 2713 Luc.
384 2682 436 2721 24,
458 2682 509 2712 26.
654 2682 685 2713 2.
711 2681 820 2714 Mati.
838 2682 873 2721 7,
888 2683 942 2716 23.
1075 2684 1103 2715 3.
1128 2682 1174 2716 cf.
1192 2685 1213 2715 2
1231 2682 1305 2715 Cor.
1327 2685 1355 2723 8,
1373 2684 1403 2715 9.
