1881 2985
738 201 829 236 HIS
870 200 1108 238 REWARD
1622 210 1688 243 219

163 320 284 362 dinis
317 333 404 374 que
430 333 457 359 a
486 319 585 360 Deo
619 320 663 359 in
696 319 834 360 electa
860 318 1013 358 anima
1047 316 1303 357 infunditur
1336 316 1515 357 miseria
1545 323 1612 357 est
1642 323 1684 356 et

160 386 498 427 abhominacio.
562 386 745 440 Quanta
776 386 897 426 enim
926 383 1187 425 differencia
1217 390 1285 424 est
1313 383 1427 423 inter
1457 394 1683 423 summam

162 453 339 506 copiam
380 453 651 494 secularium
689 453 959 493 diuiciarum
1003 459 1045 491 et
1084 450 1330 491 maximam
1376 449 1683 503 indigenciam

157 520 295 561 iscius
343 520 501 560 mundi
544 519 853 573 paupertatis:
905 519 950 558 in
996 518 1225 558 infinitum
1276 516 1419 557 maior
1462 524 1527 558 est
1573 515 1686 556 inter

162 588 433 629 suauitatem
491 588 658 629 amoris
714 588 792 635 tui,
850 587 1018 628 delecte
1077 586 1151 634 mi,
1207 593 1248 626 et
1307 585 1685 626 delectamentum
1708 593 1731 626 f.
1753 592 1815 626 8422

163 654 383 695 mundani
414 655 585 709 gaudii,
618 655 740 709 quod
772 654 974 696 carnales
1001 654 1180 701 siciunt,
1212 653 1434 693 mundani
1458 652 1683 701 ambiunt,

163 728 204 762 et
231 722 276 761 in
308 735 400 776 quo
427 722 527 763 solo
554 722 822 777 gloriantur.
887 720 1008 775 Quia
1040 721 1153 760 nihil
1183 720 1352 761 amoris
1382 720 1447 760 tui
1478 719 1686 761 senciunt

157 789 202 828 in
236 802 326 843 quo
358 789 678 829 tantummodo
706 788 916 829 delectari
946 787 1176 828 deberent.
1270 786 1537 840 Spiritualia
1565 786 1685 827 enim

162 858 401 899 carismata
452 858 664 898 deuotam
712 857 912 897 animam
966 857 1172 910 dirigunt
1221 856 1430 896 ardenter
1483 854 1686 909 diligere,

162 925 354 966 dulciter
392 925 612 975 meditari,
653 924 920 965 excellenter
957 922 1268 976 contemplari,
1308 922 1509 963 suauiter
1547 934 1686 969 orare,

162 993 303 1047 digne
353 992 549 1040 laudare,
598 992 746 1033 solum
799 991 981 1032 Ihesum
1032 990 1366 1043 concupiscere,
1418 995 1614 1028 mentem
1661 1000 1687 1027 a

162 1067 449 1114 peccatorum
476 1059 688 1100 sordibus
714 1058 908 1105 abluere,
932 1057 1130 1098 carnalia
1157 1055 1381 1098 desideria
1408 1056 1687 1108 extinguere,

164 1133 339 1167 terrena
358 1132 518 1167 cuncta
539 1125 782 1178 despicere,
802 1125 992 1165 uulnera
1012 1133 1053 1165 et
1076 1137 1253 1166 crucem
1277 1123 1447 1164 Christi
1473 1123 1517 1162 in
1540 1127 1688 1162 mente

164 1193 425 1247 depingere,
453 1200 588 1247 atque
619 1192 895 1246 infatigabili
925 1191 1151 1232 desiderio
1174 1191 1231 1231 ad
1264 1190 1489 1231 uisionem
1522 1189 1688 1245 glorio-

161 1261 339 1302 sissime
359 1260 573 1302 claritatis
592 1259 850 1300 anhelando
871 1259 1117 1310 suspirare.
1178 1256 1310 1298 Talia
1327 1264 1433 1298 sunt
1453 1260 1689 1309 unguenta

156 1328 343 1381 optima,
372 1327 541 1381 quibus
568 1326 737 1379 optime
766 1325 988 1379 unguitur
1014 1338 1065 1365 ac
1089 1325 1327 1365 decoratur
1352 1323 1505 1364 anima
1528 1322 1687 1363 diuino

163 1410 317 1438 amore
337 1402 613 1438 consecrata.

828 1525 937 1567 CAP.
965 1534 1030 1576 27.

166 1619 256 1674 (De
278 1632 384 1660 uera
407 1618 661 1659 humilitate
682 1624 723 1657 et
743 1614 1097 1656 aduersitatibus
1118 1621 1161 1654 vet
1185 1619 1445 1654 sanctorum
1469 1608 1690 1662 exemplis

278 1693 319 1726 et
340 1686 479 1726 modo
500 1683 782 1739 proficiendi,
809 1690 851 1724 et
876 1681 1174 1722 meditacione
1199 1678 1430 1733 passionis
1452 1675 1659 1727 Christi.)

221 1775 482 1830 [Humiles1
524 1773 741 1814 ueraciter
789 1785 879 1812 non
926 1770 1120 1810 aliorum
1170 1767 1288 1808 mala
1330 1766 1409 1807 sed
1455 1778 1539 1807 sua
1584 1776 1690 1804 con-
1712 1773 1735 1806 f.
1756 1774 1797 1806 39

165 1845 381 1894 siderant,
410 1855 501 1882 non
527 1855 610 1882 sua
633 1841 754 1881 bona
776 1838 855 1880 sed
879 1837 1065 1878 alterius
1090 1835 1289 1876 laudant.
1354 1833 1558 1886 Reprobi
1584 1844 1692 1873 uero

166 1919 348 1952 econtra
397 1909 582 1955 faciunt,
635 1906 742 1961 quia
793 1904 942 1959 magis
992 1904 1140 1944 aliena
1190 1908 1372 1955 peccata
1421 1914 1557 1954 quam
1610 1911 1692 1939 sua

169 1977 428 2030 respiciunt,
456 1982 498 2015 et
523 1975 567 2015 in
598 1973 942 2027 comparacione
970 1985 1053 2013 sua
1080 1971 1153 2011 uel
1177 1969 1302 2010 nulla
1326 1982 1423 2010 esse
1451 1967 1523 2008 uel
1550 1978 1693 2020 parua

168 2043 342 2084 dicunt.
406 2042 535 2082 Bona
567 2042 707 2082 eciam
744 2054 839 2087 sua,
876 2040 913 2080 si
948 2038 1104 2092 aliqua
1139 2050 1236 2078 esse
1269 2035 1555 2089 contigerint,
1590 2031 1693 2073 aliis

166 2110 412 2163 preferunt,
434 2122 626 2163 quorum
647 2108 805 2149 saltem
826 2108 947 2148 bona
967 2106 1169 2145 minuere
1187 2103 1379 2156 cupiunt
1399 2116 1485 2157 que
1504 2100 1695 2141 omnino

168 2176 316 2218 delere
337 2189 427 2216 non
454 2182 663 2229 possunt.

229 2243 358 2284 Duas
393 2242 577 2297 quidem
614 2255 681 2282 res
715 2241 873 2282 audire
903 2239 1044 2280 dolui.
1142 2238 1249 2279 Una
1282 2237 1367 2277 fuit
1403 2234 1587 2290 quando
1623 2246 1693 2273 me

172 2311 387 2351 miserum
415 2322 549 2363 quem
575 2309 723 2349 solum
754 2306 955 2359 despexi,
980 2317 1301 2359 cognoscerem
1333 2303 1524 2344 laudari.
1588 2299 1692 2340 Alia
1714 2306 1737 2338 f.
1758 2303 1820 2338 39b

170 2387 264 2421 erat
302 2378 488 2433 quando
518 2377 777 2431 proximum
818 2389 967 2416 meum
1008 2387 1141 2428 quem
1182 2374 1226 2413 in
1261 2373 1361 2413 Deo
1396 2379 1438 2413 et
1476 2385 1559 2425 pro
1594 2370 1696 2410 Deo

170 2447 323 2497 dilexi,
377 2445 578 2485 uiderem
627 2443 889 2497 exprobrari
942 2442 1013 2482 uel
1065 2439 1427 2482 detraccionibus
1480 2434 1692 2477 morderi.

173 2513 501 2555 Uerumtamen
522 2519 568 2552 tu
589 2512 665 2565 qui
687 2510 910 2551 mundum
934 2507 1166 2562 relinquis,
1190 2514 1233 2547 et
1255 2507 1299 2546 in
1320 2506 1395 2546 uia
1415 2501 1694 2559 paupertatis

173 2581 410 2622 Christum
439 2579 568 2633 sequi
598 2579 788 2625 conaris,
818 2578 1015 2630 teipsum
1046 2587 1320 2629 cognoscere
1348 2573 1492 2620 stude,
1519 2571 1627 2625 quia
1654 2569 1694 2610 si

173 2662 277 2689 uere
300 2645 686 2699 concupiscenciis
708 2652 749 2685 et
770 2644 946 2685 actibus
968 2642 1108 2684 seculi
1130 2641 1381 2688 renuncias,
1404 2653 1487 2693 pro
1510 2637 1696 2679 Christo

188 2739 259 2812 rbl..
288 2734 441 2768 New'oon
468 2734 532 2766 has
556 2732 701 2764 marked
727 2731 790 2764 the
817 2731 963 2763 absence
986 2730 1023 2762 of
1051 2729 1124 2761 thjs
1151 2739 1296 2770 passage
1323 2727 1372 2771 by
1397 2726 1555 2758 “Uacat.
1583 2723 1697 2762 Quere

166 2790 187 2812 a
202 2791 213 2811 1
240 2779 286 2812 1.’'
