1881 2985
744 173 1083 211 HYPOCRITES
1614 190 1678 224 173

151 288 328 329 uanitas
354 288 424 335 sit,
452 296 498 330 ut
527 289 683 330 dicunt
713 290 789 331 uix
819 290 1064 331 subsistere
1092 299 1285 344 possunt
1314 306 1398 346 pro
1424 294 1668 336 debilitate.

150 353 316 395 Callidi
345 355 485 395 eciam
515 363 621 397 sunt
650 356 756 410 quia
784 356 951 397 habent
978 357 1224 398 secularem
1252 358 1529 411 sapienciam
1558 368 1601 401 et
1627 361 1671 401 in

150 420 233 462 hac
257 421 431 469 callent,
456 430 502 463 ut
531 436 621 463 non
648 424 955 477 percipiantur
980 423 1141 465 alienis
1170 425 1350 467 insidiis
1377 426 1421 465 in
1452 434 1672 481 quantum

147 494 309 528 cauent
366 488 670 530 defeccionem
726 490 1057 544 temporalium,
1112 491 1197 532 sub
1252 492 1449 545 speciem
1509 494 1675 548 quietis

148 554 398 607 spiritualis
426 556 671 596 auariciam
704 556 943 610 palliantes
977 557 1021 596 in
1055 564 1365 611 contemptum
1400 566 1672 600 eternarum.

149 620 241 662 Sed
268 621 378 662 tales
406 623 617 676 quamuis
643 623 700 664 ad
727 630 906 677 tempus
933 623 1097 664 lateant
1123 624 1220 665 sine
1247 624 1389 665 dubio
1411 624 1547 678 longe
1571 630 1675 664 ante

149 687 285 728 finem
322 688 393 729 uel
422 689 580 729 saltem
612 690 656 729 in
687 689 776 730 fine
810 690 967 744 quales
1000 690 1182 732 fuerunt
1215 691 1516 745 apparebunt.
1582 690 1673 745 Qui

148 762 190 795 et
220 755 514 797 elemosinam
545 757 667 810 quod
696 757 867 798 faciunt
894 757 964 798 uel
988 758 1163 812 aliquid
1192 758 1317 799 aliud
1346 771 1463 811 opus
1493 758 1538 798 in
1568 771 1674 800 con-

148 829 304 875 spectu
339 823 576 864 hominum
609 831 767 878 agunt,
801 831 847 865 ut
879 825 1032 865 omnia
1064 825 1120 866 ab
1154 824 1386 866 hominibs
1416 825 1673 866 uideantur.

151 888 207 928 Et
229 889 389 929 merito
409 890 519 930 tales
545 890 655 930 iram
682 890 767 930 Dei
791 898 1054 944 prouocant‚
1079 892 1186 946 quia
1210 891 1394 945 perfecti
1416 892 1559 933 uideri
1582 905 1672 932 non

147 969 245 996 esse
277 963 555 1009 appetentes,
592 963 633 997 et
671 957 804 1005 intus,
838 958 915 999 ubi
952 957 1066 999 deus
1103 958 1238 1006 uidet,
1277 972 1383 1000 uera
1420 958 1674 1000 humilitate

147 1030 362 1069 carentes,
410 1037 539 1064 suam
588 1024 781 1078 gloriam
832 1037 921 1065 non
969 1024 1174 1066 diuinam
1224 1025 1435 1066 clamant.
1525 1026 1675 1068 Ualde

147 1097 299 1131 autem
324 1090 504 1131 difficile
530 1098 596 1131 est
623 1091 786 1132 habere
813 1091 1005 1132 diuicias
1031 1099 1073 1132 et
1102 1105 1177 1132 eas
1203 1105 1293 1132 non
1319 1106 1482 1141 amare,
1511 1100 1553 1133 et
1582 1106 1673 1134 non

149 1157 303 1199 minus
338 1157 519 1198 difficile
555 1164 619 1198 est
652 1164 790 1198 artem
822 1157 893 1199 uel
930 1157 1128 1199 officium
1165 1157 1330 1199 habere
1367 1159 1596 1201 lucrosum
1633 1167 1675 1200 et

147 1237 337 1265 auarum
370 1237 460 1264 non
494 1238 605 1267 esse.

208 1290 344 1331 Unde
374 1304 480 1344 sepe
510 1291 798 1332 defamantur
827 1291 891 1332 sic
919 1291 1173 1332 sacerdotes
1202 1292 1316 1332 inter
1347 1299 1519 1346 gentes,
1552 1293 1675 1347 quod

148 1358 186 1399 si
207 1358 297 1399 sint
318 1359 440 1405 casti,
460 1358 755 1399 inueniuntur
773 1358 912 1405 auari,
935 1358 972 1399 si
993 1365 1143 1398 autem
1166 1357 1280 1412 largi
1305 1357 1419 1398 fiunt
1440 1358 1674 1399 luxuriosi.

151 1424 207 1464 Et
245 1425 512 1479 plerumque
549 1425 774 1479 contingit
811 1425 934 1479 quod
971 1432 1185 1478 suscepto
1220 1425 1465 1466 sacerdocii
1502 1425 1675 1472 ordine,

148 1500 275 1532 tanto
315 1492 360 1532 in
400 1492 647 1533 sceleribus
685 1492 960 1545 profundius
1001 1499 1228 1539 corruunt,
1266 1498 1437 1546 quanto
1480 1491 1674 1546 gradum

147 1558 358 1599 alciorem
413 1558 602 1613 indigne
658 1565 969 1611 susceperunt.
1070 1557 1293 1599 Nonnulli
1351 1572 1454 1600 uere
1506 1558 1642 1599 anxia
1661 1559 1675 1582 1

148 1626 394 1679 cupiditate
425 1626 693 1666 inflammati
721 1628 805 1668 sub
836 1626 1032 1679 speciem
1068 1632 1256 1666 uenture
1292 1625 1565 1666 infirmitatis
1598 1630 1675 1665 aut

148 1693 429 1747 paupertatis
486 1693 643 1734 dicunt
700 1706 747 1733 se
807 1694 927 1734 bona
987 1692 1199 1746 colligere
1260 1699 1306 1733 ut
1363 1690 1674 1731 imminentem

149 1760 376 1801 miseriam
411 1760 624 1801 euadant.
701 1759 792 1801 Sed
825 1773 851 1799 a
884 1759 1157 1800 demonibus
1193 1757 1459 1804 illuduntur,
1493 1756 1601 1810 quia
1634 1760 1676 1794 et

150 1828 270 1869 bona
306 1834 479 1868 terrena
513 1827 727 1867 amittunt
763 1834 804 1867 et
833 1826 1132 1868 calamitatem
1166 1839 1301 1879 quam
1336 1824 1495 1864 timent
1532 1823 1676 1862 incur-

150 1894 287 1941 runt‚2
313 1894 418 1948 quia
450 1893 599 1934 Deum
630 1893 707 1947 qui
737 1906 893 1934 seruos
921 1906 1029 1933 suos
1058 1893 1216 1933 liberat
1246 1892 1291 1931 in
1319 1897 1563 1943 conspectu
1591 1900 1676 1929 suo

152 1973 243 2001 non
278 1960 532 2014 prouident‚
569 1968 609 2000 et
645 1960 767 2014 quod
799 1960 1050 2014 pessimum
1084 1966 1162 2007 est,
1197 1972 1298 2000 cum
1331 1957 1519 1998 interius
1553 1953 1675 2009 pleni

148 2026 239 2067 sint
268 2034 443 2067 terrena
468 2027 695 2080 cupidine,
727 2028 838 2068 foris
864 2040 911 2068 se
942 2026 1124 2081 fingunt
1155 2025 1408 2066 sanctitatis
1435 2021 1676 2078 signaculo

150 2092 340 2147 fulgere.
405 2092 496 2134 Sed
531 2094 608 2147 qui
644 2093 833 2134 Domini
867 2107 1027 2134 seruus
1056 2100 1121 2134 est
1155 2092 1200 2132 in
1236 2092 1438 2132 Domino
1465 2089 1674 2136 confidet,

149 2166 192 2199 et
216 2159 336 2200 bona
365 2173 451 2214 que
484 2160 618 2201 habet
651 2161 766 2201 ultra
797 2160 1049 2200 necessaria
1082 2159 1397 2213 indigentibus
1430 2156 1673 2198 distribuit.

154 2225 327 2267 Seruus
361 2233 511 2267 autern
550 2227 707 2267 mundi
744 2233 906 2267 cuncta
943 2239 1029 2280 que
1065 2225 1268 2279 possidet
1305 2238 1385 2266 sue
1423 2222 1675 2274 insaciabili

152 2292 389 2346 cupiditati
418 2293 533 2333 male
558 2294 783 2335 custodire
809 2293 971 2340 studet,
997 2299 1045 2333 ut
1067 2292 1207 2332 eciam
1231 2292 1290 2331 ita
1315 2298 1449 2331 tenax
1470 2290 1527 2331 sit
1554 2288 1675 2343 quod

151 2372 241 2399 non
268 2359 431 2400 audeat
457 2360 690 2400 comedere
718 2360 805 2401 nisi
833 2359 980 2401 uiliter
1005 2366 1047 2399 et
1073 2371 1218 2412 parce,
1246 2358 1460 2413 quatinus
1486 2368 1674 2410 parcens

152 2425 340 2466 multam
388 2427 627 2478 pecuniam
671 2427 886 2481 colligat:
938 2433 979 2466 et
1023 2425 1085 2465 hii
1127 2432 1233 2466 sunt
1277 2437 1392 2478 quos
1439 2421 1675 2477 psalmista

150 2490 402 2539 confundit,
432 2492 616 2533 dicens:
654 2491 836 2534 Inimici
863 2492 957 2533 eius
987 2496 1150 2532 terram
1179 2488 1425 2545 lingent.³]

215 2604 241 2632 1.
271 2602 376 2633 Short
400 2604 496 2633 texts
522 2603 695 2634 “auara'’
741 2605 770 2634 2.
797 2603 894 2636 Most,
920 2602 1022 2634 MSS.
1049 2602 1296 2634 “incurrent.’²
1343 2604 1371 2634 3.
1399 2602 1528 2636 Psalm.
1549 2604 1599 2643 71,
1629 2604 1658 2633 9.
