1757 2990
104 172 169 206 150
564 166 914 204 CONVERSION
955 167 1023 202 TO
1064 167 1174 203 GOD

99 278 240 327 cione,
271 281 474 335 cogitant
505 283 602 324 sine
633 283 886 325 dulcedine.
952 284 1127 325 Intrant
1157 286 1405 335 ecclesiam,
1439 285 1629 340 implent

98 346 304 399 parietes,
335 349 534 390 tundunt
559 358 752 403 pectora,
781 351 992 392 emittunt
1016 352 1227 406 suspiria,
1249 353 1329 394 sed
1352 353 1455 395 ficta
1479 354 1628 408 plane,

99 414 205 468 quia
241 414 299 455 ad
337 415 494 457 oculos
532 416 784 466 hominum,
820 431 910 459 non
948 418 1006 459 ad
1043 432 1176 460 aures
1215 419 1301 460 Dei
1336 421 1625 475 perueniunt.

99 479 217 522 Cum
242 482 363 522 enim
390 483 433 522 in
461 483 648 525 ecclesia
675 484 760 525 Dei
785 492 891 526 sunt
913 498 1114 538 corpore,
1134 486 1192 527 ad
1213 487 1334 528 bona
1355 488 1516 529 mundi
1542 501 1629 542 que

100 548 171 589 uel
201 548 382 601 habent,
416 550 486 591 uel
517 550 682 591 habere
713 551 916 605 cupiunt,
947 552 1148 593 distracti
1177 561 1284 595 sunt
1315 561 1476 603 mente,
1509 554 1630 596 unde

98 622 140 655 et
166 629 240 656 cor
263 629 418 658 eorum
444 617 583 672 longe
605 625 670 659 est
688 632 714 658 a
738 619 851 659 Deo.
917 618 1177 661 Comedunt
1199 627 1241 661 et
1264 621 1428 662 bibunt
1454 635 1545 663 non
1570 621 1629 662 ad

99 683 410 724 necessitatem
436 684 515 725 sed
539 685 597 725 ad
623 685 919 739 uoluptatem,
942 687 1049 741 quia
1073 687 1160 728 nisi
1188 688 1232 727 in
1259 689 1463 731 uenereis
1486 688 1628 730 eciam

97 750 280 791 cibariis
327 764 417 791 non
465 752 707 793 inueniunt
751 766 961 805 saporem
1008 753 1079 795 uel
1125 754 1413 796 suauitatem.
1505 756 1629 796 Dant

96 816 364 871 plerumque
400 831 565 871 panem
602 820 883 872 pauperibus
915 827 957 861 et
986 820 1251 875 algentibus
1282 822 1395 863 forte
1424 822 1631 863 tribuunt

99 885 454 936 uestimentum‚1
492 887 572 928 sed
608 887 717 929 dum
759 888 1007 929 elemosina
1046 902 1129 930 sua
1166 889 1236 931 uel
1276 889 1324 930 fit
1364 890 1409 930 in
1450 889 1628 931 mortali

99 960 284 1006 peccato
321 953 391 995 uel
431 967 516 1008 pro
549 968 667 996 uana
698 955 859 1009 gloria,
890 962 968 997 aut
1001 963 1117 997 certe
1155 970 1210 997 ex
1248 956 1319 999 his
1354 971 1441 1012 que
1481 957 1630 998 inuste

96 1020 413 1074 adquiruntur,
450 1021 666 1063 nimirum
705 1035 795 1063 non
833 1023 1015 1077 placant
1054 1023 1424 1077 Redemptorem,
1459 1025 1540 1066 sed
1571 1023 1630 1065 ad

98 1087 381 1128 uindiciam2
412 1096 665 1142 prouocant
699 1089 917 1132 Iudicem.

155 1153 556 1209 Quemadmodum
586 1170 696 1212 ergo
726 1157 867 1205 electi,
893 1158 1003 1199 dum
1030 1159 1203 1200 mundo
1227 1160 1297 1201 uel
1324 1159 1448 1201 carni
1480 1159 1630 1200 indul-

96 1229 219 1277 gent,
248 1222 304 1263 ad
334 1223 483 1265 Deum
512 1237 690 1278 semper
720 1225 938 1266 intentam
969 1226 1300 1280 cogitacionem
1330 1226 1523 1276 habent3
1565 1226 1630 1268 sic

98 1290 291 1343 reprobi,
322 1290 431 1332 dum
466 1291 566 1332 Deo
592 1292 761 1333 seruire
792 1292 1017 1341 uidentur,
1048 1293 1214 1348 iugiter
1242 1294 1301 1334 ad
1333 1294 1557 1336 mundum
1588 1300 1630 1334 et

94 1357 152 1398 ad
173 1371 224 1397 ea
246 1371 333 1412 que
355 1359 650 1412 cupiditatem
678 1360 837 1401 mundi
864 1367 905 1401 et
929 1361 1078 1402 carnis
1104 1361 1344 1415 pertinent,
1372 1361 1629 1403 intencione

95 1425 246 1466 cordis
281 1425 446 1480 iugiter
484 1426 734 1479 rapiuntur.
812 1427 868 1467 Et
907 1428 1023 1469 sicut
1058 1428 1185 1469 electi
1225 1429 1302 1483 qui
1341 1428 1631 1470 necessitates

96 1505 206 1533 suas
234 1492 446 1541 releuant,
479 1493 580 1534 Deo
609 1507 700 1535 non
727 1494 983 1548 displicent,
1008 1496 1074 1538 sic
1096 1510 1178 1537 nec
1208 1496 1387 1550 reprobi
1419 1497 1465 1537 in
1495 1496 1631 1538 bonis

97 1572 185 1614 que
214 1573 351 1614 agere
385 1562 664 1603 cernuntur3
699 1562 799 1603 Deo
832 1562 1025 1617 placent,
1062 1563 1168 1618 quia
1203 1564 1326 1605 bona
1359 1578 1442 1606 sua
1474 1563 1630 1606 multis

96 1627 230 1668 malis
259 1628 437 1670 actibus
469 1628 673 1670 miscent.

156 1694 365 1735 Possidet
409 1695 559 1750 itaque
601 1696 813 1738 diabolus
854 1696 1007 1750 plures
1042 1711 1157 1752 quos
1192 1699 1340 1740 bonos
1373 1697 1630 1753 p›utamus.4

95 1760 248 1802 Habet
273 1763 393 1802 enim
423 1762 781 1814 elemosinario-s,
811 1771 974 1815 castos,
1004 1763 1215 1817 humiles,
1248 1766 1452 1807 scilicet5
1481 1779 1631 1821 pecca-

94 1837 215 1871 tores
261 1844 309 1872 se
364 1830 570 1882 fatentes,
623 1831 816 1873 ciliciis6
862 1833 1061 1884 indutos,
1118 1834 1376 1887 penitencia
1419 1833 1626 1875 afflictos.

100 1898 263 1940 Latent
298 1913 496 1954 namque
530 1899 823 1956 plerumque⁷
866 1902 1072 1943 mortalia
1106 1902 1295 1943 uulnera
1328 1903 1414 1944 sub
1450 1903 1631 1944 estima-

95 1966 225 2007 cione
271 1967 538 2009 sanctitatis.
633 1968 785 2009 Habet
832 1969 953 2009 enim
1003 1970 1250 2011 nonnullos
1298 1971 1526 2012 feruentes
1569 1969 1629 2011 ad

95 2034 394 2087 operandum,
446 2035 668 2076 instantes
715 2036 773 2076 ad
825 2036 1167 2090 predicandum,
1214 2037 1293 2078 sed
1339 2038 1438 2079 Sine
1488 2037 1631 2079 dubio

96 2101 313 2143 omnibus
332 2111 451 2143 caret
474 2103 550 2157 qui
574 2102 708 2144 calidi
729 2111 836 2145 sunt
855 2104 900 2143 in
919 2104 1114 2152 caritate,
1135 2111 1176 2145 et
1201 2105 1277 2159 qui
1297 2105 1357 2146 ad
1378 2105 1629 2146 amandum

102 2168 251 2209 Deum
287 2183 466 2223 semper
500 2177 607 2212 sunt
642 2170 767 2211 auidi
807 2177 848 2211 et
888 2171 945 2212 ad
985 2184 1168 2212 omnem
1209 2173 1456 2213 uanitatem
1490 2172 1627 2228 pigri.

100 2235 252 2291 Iniqui
288 2249 408 2284 uero,
444 2244 486 2277 et
519 2237 576 2278 ad
613 2244 794 2292 turpem
822 2237 1116 2279 dileccionem
1147 2246 1253 2280 sunt
1282 2239 1459 2288 feruidi,
1495 2247 1537 2281 et
1570 2239 1629 2280 ad

96 2303 379 2357 spiritualem
403 2304 672 2346 exercicium
695 2312 913 2360 tanquam
938 2306 1116 2354 mortui,
1143 2306 1214 2348 uel
1236 2306 1377 2347 nimia
1398 2307 1629 2348 debilitate

97 2371 314 2425 depressi.
378 2370 586 2426 Quorum
618 2386 746 2413 amor
775 2372 926 2414 omnis
956 2372 1243 2415 inordinatus
1273 2381 1353 2423 est,
1387 2375 1494 2429 quia
1524 2373 1630 2429 plus

95 2444 252 2479 amant
281 2438 403 2479 bona
421 2439 437 2463 8
463 2440 731 2494 temporalia
757 2453 894 2495 quam
921 2446 1087 2488 eterna,
1120 2447 1163 2481 et
1192 2440 1297 2495 plus
1327 2455 1519 2495 corpora
1548 2454 1631 2483 sua

97 2520 235 2561 quam
259 2507 438 2548 animas
461 2520 584 2548 suas.

154 2587 181 2616 1.
209 2582 256 2616 So
269 2583 319 2626 (α)
336 2583 388 2632 (f)
402 2586 450 2626 (ῃ)
464 2584 504 2625 (z‘)
518 2584 568 2624 (h)
586 2584 646 2625 (lc).
688 2584 1148 2628 But(j)=“uestiment,a.”
1186 2587 1217 2617 2.
1245 2585 1358 2627 (9)(h>
1376 2585 1630 2620 “uindictamff’

96 2628 127 2660 3.
155 2626 202 2686 δίει)
229 2626 286 2669 (f)
315 2629 365 2668 (τ),
394 2631 462 2684 e'tc.
512 2628 654 2682 Buffla)
672 2629 717 2671 (j)
738 2628 979 2677 “uidentur.{'
999 2674 1021 2688 ιε
1060 2631 1092 2661 4.
1119 2628 1166 2661 So
1182 2631 1233 2669 (a)
1248 2629 1301 2671 (f)
1315 2631 1363 2671 (9)
1380 2629 1430 2671 (h)
1450 2629 1511 2670 (lc).
1560 2630 1635 2693 B'ut

97 2669 148 2753 33,
166 2715 187 2731 «ι
201 2672 459 2756 eterne,
475 2671 686 2764 fai-etus>
704 2672 777 2764 (kz.
806 2671 989 2764 ‹5553‘813
1018 2673 1633 2758 ‹531f12113÷20ffl35233051ss5523220:

98 2756 175 2790 But,
199 2756 244 2799 (y)
264 2759 313 2797 (α)
331 2757 381 2797 (h)
408 2756 622 2800 “pluri1n1.’'
678 2761 708 2791 8.
737 2759 777 2799 (z)
793 2760 912 2791 omits.
