<?xml version="1.0" encoding="UTF-8"?>
<!DOCTYPE html PUBLIC "-//W3C//DTD XHTML 1.0 Transitional//EN"
    "http://www.w3.org/TR/xhtml1/DTD/xhtml1-transitional.dtd">
<html xmlns="http://www.w3.org/1999/xhtml" xml:lang="en" lang="en">
 <head>
  <title>
</title>
<meta http-equiv="Content-Type" content="text/html;charset=utf-8" />
  <meta name='ocr-system' content='tesseract 3.04.00' />
  <meta name='ocr-capabilities' content='ocr_page ocr_carea ocr_par ocr_line ocrx_word'/>
</head>
<body>
  <div class='ocr_page' id='page_1' title='image "./incendiumamoris00rolluoft_0212.png"; bbox 0 0 1881 2985; ppageno 0'>
   <div class='ocr_carea' id='block_1_1' title="bbox 229 203 1251 240">
    <p class='ocr_par' dir='ltr' id='par_1_1' title="bbox 229 203 1251 240">
     <span class='ocr_line' id='line_1_1' title="bbox 229 203 1251 240; baseline -0.001 -2"><span class='ocrx_word' id='word_1_1' title='bbox 229 203 293 239; x_wconf 87' lang='lat'><strong>182</strong></span> <span class='ocrx_word' id='word_1_2' title='bbox 735 204 864 239; x_wconf 89' lang='lat' dir='ltr'><strong>UITA</strong></span> <span class='ocrx_word' id='word_1_3' title='bbox 906 203 1251 240; x_wconf 87' lang='lat' dir='ltr'>HEREMITICA</span> 
     </span>
    </p>
   </div>
   <div class='ocr_carea' id='block_1_2' title="bbox 96 319 1760 1236">
    <p class='ocr_par' dir='ltr' id='par_1_2' title="bbox 225 319 1757 430">
     <span class='ocr_line' id='line_1_2' title="bbox 226 319 1757 374; baseline -0.001 -12"><span class='ocrx_word' id='word_1_4' title='bbox 226 319 383 362; x_wconf 83' lang='lat' dir='ltr'>Sancti</span> <span class='ocrx_word' id='word_1_5' title='bbox 405 321 698 369; x_wconf 79' lang='lat' dir='ltr'><strong>inardescere,</strong></span> <span class='ocrx_word' id='word_1_6' title='bbox 722 328 763 361; x_wconf 92' lang='lat' dir='ltr'><strong>et</strong></span> <span class='ocrx_word' id='word_1_7' title='bbox 784 321 828 361; x_wconf 90' lang='lat' dir='ltr'><strong>in</strong></span> <span class='ocrx_word' id='word_1_8' title='bbox 852 320 1022 361; x_wconf 91' lang='lat' dir='ltr'><strong>amoris</strong></span> <span class='ocrx_word' id='word_1_9' title='bbox 1044 319 1217 374; x_wconf 88' lang='lat' dir='ltr'><strong>gaudio</strong></span> <span class='ocrx_word' id='word_1_10' title='bbox 1234 327 1398 373; x_wconf 91' lang='lat' dir='ltr'><strong>captus</strong></span> <span class='ocrx_word' id='word_1_11' title='bbox 1418 327 1459 361; x_wconf 93' lang='lat' dir='ltr'><strong>et</strong></span> <span class='ocrx_word' id='word_1_12' title='bbox 1482 321 1757 370; x_wconf 82' lang='lat' dir='ltr'>consolatus,</span> 
     </span>
     <span class='ocr_line' id='line_1_3' title="bbox 225 387 690 430; baseline 0 -2"><span class='ocrx_word' id='word_1_13' title='bbox 225 387 448 430; x_wconf 91' lang='lat' dir='ltr'><strong>diuinitus</strong></span> <span class='ocrx_word' id='word_1_14' title='bbox 477 388 690 430; x_wconf 84' lang='lat' dir='ltr'><strong>exultare.</strong></span> 
     </span>
    </p>

    <p class='ocr_par' dir='ltr' id='par_1_3' title="bbox 223 455 1760 711">
     <span class='ocr_line' id='line_1_4' title="bbox 284 455 1760 498; baseline -0.001 -3"><span class='ocrx_word' id='word_1_15' title='bbox 284 455 518 497; x_wconf 82' lang='lat' dir='ltr'><strong>Perfectus</strong></span> <span class='ocrx_word' id='word_1_16' title='bbox 558 455 679 496; x_wconf 90' lang='lat' dir='ltr'><strong>enim</strong></span> <span class='ocrx_word' id='word_1_17' title='bbox 716 455 945 496; x_wconf 90' lang='lat' dir='ltr'><strong>solitarius</strong></span> <span class='ocrx_word' id='word_1_18' title='bbox 985 455 1029 494; x_wconf 90' lang='lat' dir='ltr'><strong>in</strong></span> <span class='ocrx_word' id='word_1_19' title='bbox 1070 455 1233 496; x_wconf 91' lang='lat' dir='ltr'><strong>diuino</strong></span> <span class='ocrx_word' id='word_1_20' title='bbox 1272 468 1427 496; x_wconf 93' lang='lat' dir='ltr'><strong>amore</strong></span> <span class='ocrx_word' id='word_1_21' title='bbox 1468 455 1760 498; x_wconf 89' lang='lat' dir='ltr'><strong>uehementer</strong></span> 
     </span>
     <span class='ocr_line' id='line_1_5' title="bbox 223 521 1758 576; baseline 0 -14"><span class='ocrx_word' id='word_1_22' title='bbox 223 521 363 570; x_wconf 85' lang='lat' dir='ltr'><strong>ardet,</strong></span> <span class='ocrx_word' id='word_1_23' title='bbox 389 529 430 562; x_wconf 90' lang='lat' dir='ltr'><strong>et</strong></span> <span class='ocrx_word' id='word_1_24' title='bbox 460 522 570 564; x_wconf 91' lang='lat' dir='ltr'><strong>dum</strong></span> <span class='ocrx_word' id='word_1_25' title='bbox 600 536 739 576; x_wconf 87' lang='lat' dir='ltr'><strong>supra</strong></span> <span class='ocrx_word' id='word_1_26' title='bbox 764 536 811 563; x_wconf 91' lang='lat' dir='ltr'><strong>se</strong></span> <span class='ocrx_word' id='word_1_27' title='bbox 841 522 885 561; x_wconf 93' lang='lat' dir='ltr'><strong>in</strong></span> <span class='ocrx_word' id='word_1_28' title='bbox 912 535 1147 563; x_wconf 79' lang='lat' dir='ltr'><strong>excessum</strong></span> <span class='ocrx_word' id='word_1_29' title='bbox 1177 522 1342 563; x_wconf 90' lang='lat' dir='ltr'><strong>mentis</strong></span> <span class='ocrx_word' id='word_1_30' title='bbox 1371 535 1450 576; x_wconf 88' lang='lat' dir='ltr'><strong>per</strong></span> <span class='ocrx_word' id='word_1_31' title='bbox 1478 522 1758 576; x_wconf 91' lang='lat' dir='ltr'><strong>contempla-</strong></span> 
     </span>
     <span class='ocr_line' id='line_1_6' title="bbox 225 589 1758 644; baseline 0.001 -15"><span class='ocrx_word' id='word_1_32' title='bbox 225 589 401 629; x_wconf 89' lang='lat' dir='ltr'><strong>cionem</strong></span> <span class='ocrx_word' id='word_1_33' title='bbox 455 590 639 643; x_wconf 80' lang='lat' dir='ltr'><strong>rapitur,</strong></span> <span class='ocrx_word' id='word_1_34' title='bbox 690 602 834 644; x_wconf 87' lang='lat' dir='ltr'><strong>usque</strong></span> <span class='ocrx_word' id='word_1_35' title='bbox 884 589 941 630; x_wconf 89' lang='lat' dir='ltr'><strong>ad</strong></span> <span class='ocrx_word' id='word_1_36' title='bbox 992 602 1210 631; x_wconf 90' lang='lat' dir='ltr'><strong>canorum</strong></span> <span class='ocrx_word' id='word_1_37' title='bbox 1261 589 1454 632; x_wconf 89' lang='lat' dir='ltr'><strong>iubilum</strong></span> <span class='ocrx_word' id='word_1_38' title='bbox 1504 597 1547 632; x_wconf 87' lang='lat' dir='ltr'><strong>et</strong></span> <span class='ocrx_word' id='word_1_39' title='bbox 1592 603 1758 632; x_wconf 91' lang='lat' dir='ltr'><strong>sonum</strong></span> 
     </span>
     <span class='ocr_line' id='line_1_7' title="bbox 223 655 1759 711; baseline 0 -14"><span class='ocrx_word' id='word_1_40' title='bbox 223 656 413 698; x_wconf 89' lang='lat' dir='ltr'><strong>celicum</strong></span> <span class='ocrx_word' id='word_1_41' title='bbox 448 657 656 711; x_wconf 85' lang='lat' dir='ltr'><strong>gaudens</strong></span> <span class='ocrx_word' id='word_1_42' title='bbox 687 657 967 698; x_wconf 91' lang='lat' dir='ltr'><strong>subleuatur.</strong></span> <span class='ocrx_word' id='word_1_43' title='bbox 1035 655 1091 697; x_wconf 87' lang='lat' dir='ltr'><strong>Et</strong></span> <span class='ocrx_word' id='word_1_44' title='bbox 1128 656 1233 697; x_wconf 90' lang='lat' dir='ltr'><strong>talis</strong></span> <span class='ocrx_word' id='word_1_45' title='bbox 1271 657 1442 711; x_wconf 85' lang='lat' dir='ltr'><strong>quippe</strong></span> <span class='ocrx_word' id='word_1_46' title='bbox 1479 657 1759 698; x_wconf 79' lang='lat' dir='ltr'><strong>assimilatur</strong></span> 
     </span>
    </p>

    <p class='ocr_par' dir='ltr' id='par_1_4' title="bbox 96 722 1760 1236">
     <span class='ocr_line' id='line_1_8' title="bbox 96 722 1758 779; baseline -0.001 -14"><span class='ocrx_word' id='word_1_47' title='bbox 96 736 204 772; x_wconf 79' lang='lat' dir='ltr'><strong>f.73b</strong></span> <span class='ocrx_word' id='word_1_48' title='bbox 224 723 483 778; x_wconf 85' lang='lat' dir='ltr'><strong>seraphym,</strong></span> <span class='ocrx_word' id='word_1_49' title='bbox 527 724 692 765; x_wconf 90' lang='lat' dir='ltr'><strong>ardens</strong></span> <span class='ocrx_word' id='word_1_50' title='bbox 735 725 890 779; x_wconf 87' lang='lat' dir='ltr'><strong>utique</strong></span> <span class='ocrx_word' id='word_1_51' title='bbox 936 724 1053 764; x_wconf 88' lang='lat' dir='ltr'><strong>intra</strong></span> <span class='ocrx_word' id='word_1_52' title='bbox 1094 737 1141 765; x_wconf 91' lang='lat' dir='ltr'><strong>se</strong></span> <span class='ocrx_word' id='word_1_53' title='bbox 1188 724 1361 765; x_wconf 88' lang='lat' dir='ltr'><strong>caritati</strong></span> <span class='ocrx_word' id='word_1_54' title='bbox 1410 722 1758 777; x_wconf 88' lang='lat' dir='ltr'><strong>incomparabili</strong></span> 
     </span>
     <span class='ocr_line' id='line_1_9' title="bbox 221 790 1760 846; baseline 0 -16"><span class='ocrx_word' id='word_1_55' title='bbox 221 797 359 845; x_wconf 88' lang='lat' dir='ltr'><strong>atque</strong></span> <span class='ocrx_word' id='word_1_56' title='bbox 397 791 779 839; x_wconf 90' lang='lat' dir='ltr'><strong>constantissima,</strong></span> <span class='ocrx_word' id='word_1_57' title='bbox 821 791 950 832; x_wconf 91' lang='lat' dir='ltr'><strong>cuius</strong></span> <span class='ocrx_word' id='word_1_58' title='bbox 991 804 1067 832; x_wconf 90' lang='lat' dir='ltr'><strong>cor</strong></span> <span class='ocrx_word' id='word_1_59' title='bbox 1105 791 1419 846; x_wconf 90' lang='lat' dir='ltr'><strong>configuratur</strong></span> <span class='ocrx_word' id='word_1_60' title='bbox 1460 791 1557 845; x_wconf 86' lang='lat' dir='ltr'><strong>igni</strong></span> <span class='ocrx_word' id='word_1_61' title='bbox 1598 790 1760 832; x_wconf 89' lang='lat' dir='ltr'><strong>diuino</strong></span> 
     </span>
     <span class='ocr_line' id='line_1_10' title="bbox 224 857 1758 912; baseline -0.001 -13"><span class='ocrx_word' id='word_1_62' title='bbox 224 871 360 899; x_wconf 89' lang='lat' dir='ltr'><strong>urens</strong></span> <span class='ocrx_word' id='word_1_63' title='bbox 388 865 430 898; x_wconf 92' lang='lat' dir='ltr'><strong>et</strong></span> <span class='ocrx_word' id='word_1_64' title='bbox 459 857 615 899; x_wconf 90' lang='lat' dir='ltr'><strong>lucens</strong></span> <span class='ocrx_word' id='word_1_65' title='bbox 644 857 959 911; x_wconf 84' lang='lat' dir='ltr'><strong>superferuide</strong></span> <span class='ocrx_word' id='word_1_66' title='bbox 990 858 1130 900; x_wconf 80' lang='lat' dir='ltr'><strong>fertur</strong></span> <span class='ocrx_word' id='word_1_67' title='bbox 1164 859 1209 899; x_wconf 92' lang='lat' dir='ltr'><strong>in</strong></span> <span class='ocrx_word' id='word_1_68' title='bbox 1241 866 1462 900; x_wconf 87' lang='lat' dir='ltr'><strong>amatum.</strong></span> <span class='ocrx_word' id='word_1_69' title='bbox 1527 858 1583 899; x_wconf 92' lang='lat' dir='ltr'><strong>Et</strong></span> <span class='ocrx_word' id='word_1_70' title='bbox 1615 858 1758 912; x_wconf 92' lang='lat' dir='ltr'><strong>siqui-</strong></span> 
     </span>
     <span class='ocr_line' id='line_1_11' title="bbox 223 925 1758 980; baseline 0.001 -14"><span class='ocrx_word' id='word_1_71' title='bbox 223 925 325 966; x_wconf 91' lang='lat' dir='ltr'><strong>dem</strong></span> <span class='ocrx_word' id='word_1_72' title='bbox 358 932 616 967; x_wconf 89' lang='lat' dir='ltr'><strong>assumetur</strong></span> <span class='ocrx_word' id='word_1_73' title='bbox 641 926 796 967; x_wconf 87' lang='lat' dir='ltr'><strong>subito</strong></span> <span class='ocrx_word' id='word_1_74' title='bbox 823 933 927 980; x_wconf 88' lang='lat' dir='ltr'><strong>post</strong></span> <span class='ocrx_word' id='word_1_75' title='bbox 961 925 1080 967; x_wconf 91' lang='lat' dir='ltr'><strong>hanc</strong></span> <span class='ocrx_word' id='word_1_76' title='bbox 1111 926 1169 967; x_wconf 90' lang='lat' dir='ltr'><strong>ad</strong></span> <span class='ocrx_word' id='word_1_77' title='bbox 1198 939 1403 968; x_wconf 91' lang='lat' dir='ltr'><strong>summas</strong></span> <span class='ocrx_word' id='word_1_78' title='bbox 1435 927 1566 969; x_wconf 91' lang='lat' dir='ltr'><strong>sedes</strong></span> <span class='ocrx_word' id='word_1_79' title='bbox 1599 927 1758 968; x_wconf 91' lang='lat' dir='ltr'><strong>celico-</strong></span> 
     </span>
     <span class='ocr_line' id='line_1_12' title="bbox 223 991 1758 1049; baseline 0.001 -17"><span class='ocrx_word' id='word_1_80' title='bbox 223 991 382 1040; x_wconf 88' lang='lat' dir='ltr'><strong>larum,</strong></span> <span class='ocrx_word' id='word_1_81' title='bbox 410 999 457 1034; x_wconf 92' lang='lat' dir='ltr'><strong>ut</strong></span> <span class='ocrx_word' id='word_1_82' title='bbox 483 993 528 1033; x_wconf 93' lang='lat' dir='ltr'><strong>in</strong></span> <span class='ocrx_word' id='word_1_83' title='bbox 554 992 655 1034; x_wconf 94' lang='lat' dir='ltr'><strong>loco</strong></span> <span class='ocrx_word' id='word_1_84' title='bbox 678 992 853 1034; x_wconf 84' lang='lat' dir='ltr'><strong>luciferi</strong></span> <span class='ocrx_word' id='word_1_85' title='bbox 879 1007 1036 1035; x_wconf 88' lang='lat' dir='ltr'><strong>serene</strong></span> <span class='ocrx_word' id='word_1_86' title='bbox 1060 994 1303 1044; x_wconf 84' lang='lat' dir='ltr'><strong>subsistat3</strong></span> <span class='ocrx_word' id='word_1_87' title='bbox 1346 994 1453 1049; x_wconf 90' lang='lat' dir='ltr'><strong>quia</strong></span> <span class='ocrx_word' id='word_1_88' title='bbox 1477 1001 1569 1034; x_wconf 90' lang='lat' dir='ltr'><strong>tarn</strong></span> <span class='ocrx_word' id='word_1_89' title='bbox 1592 993 1758 1034; x_wconf 90' lang='lat' dir='ltr'><strong>ardens</strong></span> 
     </span>
     <span class='ocr_line' id='line_1_13' title="bbox 221 1059 1758 1115; baseline 0.001 -16"><span class='ocrx_word' id='word_1_90' title='bbox 221 1072 375 1100; x_wconf 87' lang='lat' dir='ltr'><strong>amore</strong></span> <span class='ocrx_word' id='word_1_91' title='bbox 420 1060 537 1101; x_wconf 90' lang='lat' dir='ltr'><strong>ultra</strong></span> <span class='ocrx_word' id='word_1_92' title='bbox 579 1074 716 1115; x_wconf 91' lang='lat' dir='ltr'><strong>quam</strong></span> <span class='ocrx_word' id='word_1_93' title='bbox 763 1060 928 1114; x_wconf 91' lang='lat' dir='ltr'><strong>aperiri</strong></span> <span class='ocrx_word' id='word_1_94' title='bbox 975 1068 1136 1115; x_wconf 89' lang='lat' dir='ltr'><strong>potest,</strong></span> <span class='ocrx_word' id='word_1_95' title='bbox 1179 1061 1324 1102; x_wconf 90' lang='lat' dir='ltr'><strong>solam</strong></span> <span class='ocrx_word' id='word_1_96' title='bbox 1373 1060 1639 1102; x_wconf 90' lang='lat' dir='ltr'><strong>Conditoris</strong></span> <span class='ocrx_word' id='word_1_97' title='bbox 1686 1059 1758 1101; x_wconf 90' lang='lat' dir='ltr'><strong>sui</strong></span> 
     </span>
     <span class='ocr_line' id='line_1_14' title="bbox 222 1126 1759 1182; baseline 0.001 -16"><span class='ocrx_word' id='word_1_98' title='bbox 222 1126 416 1181; x_wconf 85' lang='lat' dir='ltr'><strong>gloriam</strong></span> <span class='ocrx_word' id='word_1_99' title='bbox 440 1127 651 1182; x_wconf 90' lang='lat' dir='ltr'><strong>quesiuit,</strong></span> <span class='ocrx_word' id='word_1_100' title='bbox 670 1135 713 1169; x_wconf 90' lang='lat' dir='ltr'><strong>et</strong></span> <span class='ocrx_word' id='word_1_101' title='bbox 736 1127 967 1170; x_wconf 87' lang='lat' dir='ltr'><strong>humiliter</strong></span> <span class='ocrx_word' id='word_1_102' title='bbox 991 1128 1208 1170; x_wconf 88' lang='lat' dir='ltr'><strong>incedens</strong></span> <span class='ocrx_word' id='word_1_103' title='bbox 1231 1142 1313 1170; x_wconf 92' lang='lat' dir='ltr'><strong>nec</strong></span> <span class='ocrx_word' id='word_1_104' title='bbox 1337 1142 1476 1182; x_wconf 89' lang='lat' dir='ltr'><strong>supra</strong></span> <span class='ocrx_word' id='word_1_105' title='bbox 1500 1134 1759 1182; x_wconf 85' lang='lat' dir='ltr'><strong>peccatores</strong></span> 
     </span>
     <span class='ocr_line' id='line_1_15' title="bbox 222 1194 528 1236; baseline 0 -2"><span class='ocrx_word' id='word_1_106' title='bbox 222 1206 270 1234; x_wconf 89' lang='lat' dir='ltr'><strong>se</strong></span> <span class='ocrx_word' id='word_1_107' title='bbox 297 1194 528 1236; x_wconf 79' lang='lat' dir='ltr'><strong>exaltauit.</strong></span> 
     </span>
    </p>
   </div>
   <div class='ocr_carea' id='block_1_3' title="bbox 884 1342 1100 1395">
    <p class='ocr_par' dir='ltr' id='par_1_5' title="bbox 884 1342 1100 1395">
     <span class='ocr_line' id='line_1_16' title="bbox 884 1342 1100 1395; baseline 0.005 -11"><span class='ocrx_word' id='word_1_108' title='bbox 884 1342 995 1384; x_wconf 77' lang='lat' dir='ltr'><strong>CAP.</strong></span> <span class='ocrx_word' id='word_1_109' title='bbox 1037 1355 1100 1395; x_wconf 88' lang='lat'><strong>14.</strong></span> 
     </span>
    </p>
   </div>
   <div class='ocr_carea' id='block_1_4' title="bbox 224 1448 1760 1706">
    <p class='ocr_par' dir='ltr' id='par_1_6' title="bbox 224 1448 1760 1706">
     <span class='ocr_line' id='line_1_17' title="bbox 224 1448 1760 1504; baseline 0.001 -15"><span class='ocrx_word' id='word_1_110' title='bbox 224 1448 314 1502; x_wconf 93' lang='lat' dir='ltr'><strong>(De</strong></span> <span class='ocrx_word' id='word_1_111' title='bbox 347 1449 749 1490; x_wconf 91' lang='lat' dir='ltr'><strong>commendacione</strong></span> <span class='ocrx_word' id='word_1_112' title='bbox 780 1449 870 1490; x_wconf 91' lang='lat' dir='ltr'><strong>uite</strong></span> <span class='ocrx_word' id='word_1_113' title='bbox 902 1449 1101 1490; x_wconf 78' lang='lat' dir='ltr'><strong>solitarie</strong></span> <span class='ocrx_word' id='word_1_114' title='bbox 1131 1457 1173 1490; x_wconf 89' lang='lat' dir='ltr'><strong>et</strong></span> <span class='ocrx_word' id='word_1_115' title='bbox 1201 1450 1257 1491; x_wconf 92' lang='lat' dir='ltr'><strong>de</strong></span> <span class='ocrx_word' id='word_1_116' title='bbox 1289 1450 1451 1504; x_wconf 92' lang='lat' dir='ltr'><strong>primis</strong></span> <span class='ocrx_word' id='word_1_117' title='bbox 1476 1449 1760 1491; x_wconf 87' lang='lat' dir='ltr'><strong>amatoribus</strong></span> 
     </span>
     <span class='ocr_line' id='line_1_18' title="bbox 337 1515 1759 1571; baseline 0.001 -15"><span class='ocrx_word' id='word_1_118' title='bbox 337 1515 565 1566; x_wconf 89' lang='lat' dir='ltr'><strong>eiusdem;</strong></span> <span class='ocrx_word' id='word_1_119' title='bbox 598 1524 641 1556; x_wconf 89' lang='lat' dir='ltr'><strong>et</strong></span> <span class='ocrx_word' id='word_1_120' title='bbox 662 1517 785 1571; x_wconf 91' lang='lat' dir='ltr'><strong>quod</strong></span> <span class='ocrx_word' id='word_1_121' title='bbox 805 1530 933 1557; x_wconf 90' lang='lat' dir='ltr'><strong>amor</strong></span> <span class='ocrx_word' id='word_1_122' title='bbox 954 1517 1040 1557; x_wconf 91' lang='lat' dir='ltr'><strong>Dei</strong></span> <span class='ocrx_word' id='word_1_123' title='bbox 1065 1517 1109 1557; x_wconf 93' lang='lat' dir='ltr'><strong>in</strong></span> <span class='ocrx_word' id='word_1_124' title='bbox 1131 1518 1309 1559; x_wconf 89' lang='lat' dir='ltr'><strong>feruore</strong></span> <span class='ocrx_word' id='word_1_125' title='bbox 1324 1531 1490 1559; x_wconf 88' lang='lat' dir='ltr'><strong>canore</strong></span> <span class='ocrx_word' id='word_1_126' title='bbox 1510 1525 1553 1559; x_wconf 91' lang='lat' dir='ltr'><strong>et</strong></span> <span class='ocrx_word' id='word_1_127' title='bbox 1573 1517 1759 1559; x_wconf 88' lang='lat' dir='ltr'><strong>dulcore</strong></span> 
     </span>
     <span class='ocr_line' id='line_1_19' title="bbox 335 1584 1759 1639; baseline 0.001 -14"><span class='ocrx_word' id='word_1_128' title='bbox 335 1584 544 1626; x_wconf 87' lang='lat' dir='ltr'><strong>consistit</strong></span> <span class='ocrx_word' id='word_1_129' title='bbox 592 1591 634 1625; x_wconf 89' lang='lat' dir='ltr'><strong>et</strong></span> <span class='ocrx_word' id='word_1_130' title='bbox 681 1584 804 1639; x_wconf 91' lang='lat' dir='ltr'><strong>quod</strong></span> <span class='ocrx_word' id='word_1_131' title='bbox 852 1584 980 1638; x_wconf 89' lang='lat' dir='ltr'><strong>quies</strong></span> <span class='ocrx_word' id='word_1_132' title='bbox 1025 1592 1091 1625; x_wconf 94' lang='lat' dir='ltr'><strong>est</strong></span> <span class='ocrx_word' id='word_1_133' title='bbox 1135 1585 1412 1635; x_wconf 91' lang='lat' dir='ltr'><strong>necessaria;</strong></span> <span class='ocrx_word' id='word_1_134' title='bbox 1459 1594 1501 1627; x_wconf 90' lang='lat' dir='ltr'><strong>et</strong></span> <span class='ocrx_word' id='word_1_135' title='bbox 1542 1585 1656 1627; x_wconf 92' lang='lat' dir='ltr'><strong>tales</strong></span> <span class='ocrx_word' id='word_1_136' title='bbox 1701 1586 1759 1627; x_wconf 91' lang='lat' dir='ltr'><strong>ab</strong></span> 
     </span>
     <span class='ocr_line' id='line_1_20' title="bbox 338 1651 1758 1706; baseline -0.001 -14"><span class='ocrx_word' id='word_1_137' title='bbox 338 1651 630 1694; x_wconf 88' lang='lat' dir='ltr'><strong>illusionibus</strong></span> <span class='ocrx_word' id='word_1_138' title='bbox 659 1659 983 1705; x_wconf 89' lang='lat' dir='ltr'><strong>preseruantur</strong></span> <span class='ocrx_word' id='word_1_139' title='bbox 1008 1659 1050 1692; x_wconf 91' lang='lat' dir='ltr'><strong>et</strong></span> <span class='ocrx_word' id='word_1_140' title='bbox 1077 1652 1287 1706; x_wconf 90' lang='lat' dir='ltr'><strong>prelaciis</strong></span> <span class='ocrx_word' id='word_1_141' title='bbox 1311 1665 1401 1693; x_wconf 91' lang='lat' dir='ltr'><strong>non</strong></span> <span class='ocrx_word' id='word_1_142' title='bbox 1428 1651 1758 1706; x_wconf 89' lang='lat' dir='ltr'><strong>preficiuntur.)</strong></span> 
     </span>
    </p>
   </div>
   <div class='ocr_carea' id='block_1_5' title="bbox 223 1740 1761 2671">
    <p class='ocr_par' dir='ltr' id='par_1_7' title="bbox 223 1740 1761 2541">
     <span class='ocr_line' id='line_1_21' title="bbox 279 1740 1758 1796; baseline -0.001 -14"><span class='ocrx_word' id='word_1_143' title='bbox 279 1742 450 1784; x_wconf 87' lang='lat' dir='ltr'><strong>Beatus</strong></span> <span class='ocrx_word' id='word_1_144' title='bbox 472 1742 569 1793; x_wconf 87' lang='lat' dir='ltr'><strong>Iob,</strong></span> <span class='ocrx_word' id='word_1_145' title='bbox 595 1742 709 1783; x_wconf 89' lang='lat' dir='ltr'><strong>inter</strong></span> <span class='ocrx_word' id='word_1_146' title='bbox 731 1741 913 1796; x_wconf 89' lang='lat' dir='ltr'><strong>flagella</strong></span> <span class='ocrx_word' id='word_1_147' title='bbox 933 1741 1122 1783; x_wconf 88' lang='lat' dir='ltr'><strong>edoctus</strong></span> <span class='ocrx_word' id='word_1_148' title='bbox 1142 1755 1168 1781; x_wconf 91' lang='lat' dir='ltr'><strong>a</strong></span> <span class='ocrx_word' id='word_1_149' title='bbox 1193 1740 1368 1795; x_wconf 87' lang='lat' dir='ltr'><strong>Spiritu</strong></span> <span class='ocrx_word' id='word_1_150' title='bbox 1395 1741 1580 1793; x_wconf 83' lang='lat' dir='ltr'><strong>Sancto,</strong></span> <span class='ocrx_word' id='word_1_151' title='bbox 1608 1740 1758 1782; x_wconf 90' lang='lat' dir='ltr'><strong>multi-</strong></span> 
     </span>
     <span class='ocr_line' id='line_1_22' title="bbox 223 1810 1758 1865; baseline -0.003 -13"><span class='ocrx_word' id='word_1_152' title='bbox 223 1811 387 1865; x_wconf 87' lang='lat' dir='ltr'><strong>plicem</strong></span> <span class='ocrx_word' id='word_1_153' title='bbox 417 1818 671 1852; x_wconf 90' lang='lat' dir='ltr'><strong>sanctorem</strong></span> <span class='ocrx_word' id='word_1_154' title='bbox 704 1810 1025 1851; x_wconf 85' lang='lat' dir='ltr'><strong>heremitarum</strong></span> <span class='ocrx_word' id='word_1_155' title='bbox 1052 1810 1503 1851; x_wconf 89' lang='lat' dir='ltr'><strong>commendacionem</strong></span> <span class='ocrx_word' id='word_1_156' title='bbox 1536 1810 1581 1849; x_wconf 90' lang='lat' dir='ltr'><strong>in</strong></span> <span class='ocrx_word' id='word_1_157' title='bbox 1614 1821 1758 1850; x_wconf 91' lang='lat' dir='ltr'><strong>unum</strong></span> 
     </span>
     <span class='ocr_line' id='line_1_23' title="bbox 223 1875 1758 1933; baseline -0.002 -13"><span class='ocrx_word' id='word_1_158' title='bbox 223 1878 550 1932; x_wconf 86' lang='lat' dir='ltr'><strong>complectitur,</strong></span> <span class='ocrx_word' id='word_1_159' title='bbox 583 1878 769 1919; x_wconf 88' lang='lat' dir='ltr'><strong>dicens:</strong></span> <span class='ocrx_word' id='word_1_160' title='bbox 813 1877 928 1933; x_wconf 76' lang='lat' dir='ltr'><strong>Quis</strong></span> <span class='ocrx_word' id='word_1_161' title='bbox 962 1875 1132 1919; x_wconf 79' lang='lat' dir='ltr'><strong>dimisit</strong></span> <span class='ocrx_word' id='word_1_162' title='bbox 1166 1889 1393 1930; x_wconf 70' lang='lat' dir='ltr'><strong>onagrum</strong></span> <span class='ocrx_word' id='word_1_163' title='bbox 1427 1875 1619 1919; x_wconf 75' lang='lat' dir='ltr'><strong>liberum</strong></span> <span class='ocrx_word' id='word_1_164' title='bbox 1653 1875 1758 1917; x_wconf 82' lang='lat' dir='ltr'><strong>etc.1</strong></span> 
     </span>
     <span class='ocr_line' id='line_1_24' title="bbox 226 1942 1758 2000; baseline -0.002 -13"><span class='ocrx_word' id='word_1_165' title='bbox 226 1946 384 1987; x_wconf 88' lang='lat' dir='ltr'><strong>Primo</strong></span> <span class='ocrx_word' id='word_1_166' title='bbox 414 1959 527 2000; x_wconf 89' lang='lat' dir='ltr'><strong>ergo</strong></span> <span class='ocrx_word' id='word_1_167' title='bbox 560 1945 877 1987; x_wconf 90' lang='lat' dir='ltr'><strong>commendata</strong></span> <span class='ocrx_word' id='word_1_168' title='bbox 911 1945 1114 1986; x_wconf 91' lang='lat' dir='ltr'><strong>libertate</strong></span> <span class='ocrx_word' id='word_1_169' title='bbox 1147 1944 1298 2000; x_wconf 84' lang='lat' dir='ltr'><strong>gracie</strong></span> <span class='ocrx_word' id='word_1_170' title='bbox 1330 1957 1433 1986; x_wconf 91' lang='lat' dir='ltr'><strong>curn</strong></span> <span class='ocrx_word' id='word_1_171' title='bbox 1463 1944 1602 1985; x_wconf 90' lang='lat' dir='ltr'><strong>dicit:</strong></span> <span class='ocrx_word' id='word_1_172' title='bbox 1643 1942 1758 1998; x_wconf 76' lang='lat' dir='ltr'><strong>Quis</strong></span> 
     </span>
     <span class='ocr_line' id='line_1_25' title="bbox 226 2011 1759 2067; baseline -0.003 -12"><span class='ocrx_word' id='word_1_173' title='bbox 226 2013 397 2055; x_wconf 75' lang='lat' dir='ltr'><strong>dimisit</strong></span> <span class='ocrx_word' id='word_1_174' title='bbox 422 2026 649 2067; x_wconf 80' lang='lat' dir='ltr'><strong>onagrum</strong></span> <span class='ocrx_word' id='word_1_175' title='bbox 675 2012 882 2055; x_wconf 65' lang='lat' dir='ltr'><strong>liberum.</strong></span> <span class='ocrx_word' id='word_1_176' title='bbox 938 2012 1166 2060; x_wconf 85' lang='lat' dir='ltr'><strong>Secundo,</strong></span> <span class='ocrx_word' id='word_1_177' title='bbox 1189 2026 1216 2053; x_wconf 93' lang='lat' dir='ltr'><strong>a</strong></span> <span class='ocrx_word' id='word_1_178' title='bbox 1236 2012 1488 2053; x_wconf 90' lang='lat' dir='ltr'><strong>carnalium</strong></span> <span class='ocrx_word' id='word_1_179' title='bbox 1513 2011 1759 2053; x_wconf 85' lang='lat' dir='ltr'><strong>affectuum</strong></span> 
     </span>
     <span class='ocr_line' id='line_1_26' title="bbox 224 2079 1760 2135; baseline -0.003 -12"><span class='ocrx_word' id='word_1_180' title='bbox 224 2081 533 2135; x_wconf 90' lang='lat' dir='ltr'><strong>disposicione</strong></span> <span class='ocrx_word' id='word_1_181' title='bbox 571 2094 677 2123; x_wconf 91' lang='lat' dir='ltr'><strong>cum</strong></span> <span class='ocrx_word' id='word_1_182' title='bbox 715 2081 808 2122; x_wconf 91' lang='lat' dir='ltr'><strong>ait:</strong></span> <span class='ocrx_word' id='word_1_183' title='bbox 855 2085 896 2122; x_wconf 81' lang='lat' dir='ltr'><strong>et</strong></span> <span class='ocrx_word' id='word_1_184' title='bbox 931 2079 1119 2121; x_wconf 74' lang='lat' dir='ltr'><strong>uincula</strong></span> <span class='ocrx_word' id='word_1_185' title='bbox 1152 2079 1248 2120; x_wconf 75' lang='lat' dir='ltr'><strong>eius</strong></span> <span class='ocrx_word' id='word_1_186' title='bbox 1287 2079 1437 2121; x_wconf 75' lang='lat' dir='ltr'><strong>soluit.</strong></span> <span class='ocrx_word' id='word_1_187' title='bbox 1520 2079 1696 2127; x_wconf 89' lang='lat' dir='ltr'><strong>Tercio‚</strong></span> <span class='ocrx_word' id='word_1_188' title='bbox 1732 2091 1760 2119; x_wconf 90' lang='lat' dir='ltr'><strong>a</strong></span> 
     </span>
     <span class='ocr_line' id='line_1_27' title="bbox 224 2145 1759 2195; baseline -0.003 -4"><span class='ocrx_word' id='word_1_189' title='bbox 224 2149 428 2191; x_wconf 91' lang='lat' dir='ltr'><strong>solitaria</strong></span> <span class='ocrx_word' id='word_1_190' title='bbox 454 2148 807 2190; x_wconf 90' lang='lat' dir='ltr'><strong>conuersacione</strong></span> <span class='ocrx_word' id='word_1_191' title='bbox 835 2148 945 2189; x_wconf 92' lang='lat' dir='ltr'><strong>dum</strong></span> <span class='ocrx_word' id='word_1_192' title='bbox 972 2147 1113 2195; x_wconf 86' lang='lat' dir='ltr'><strong>addit,</strong></span> <span class='ocrx_word' id='word_1_193' title='bbox 1145 2146 1268 2188; x_wconf 79' lang='lat' dir='ltr'><strong>dedit</strong></span> <span class='ocrx_word' id='word_1_194' title='bbox 1296 2147 1336 2187; x_wconf 81' lang='lat' dir='ltr'><strong>ei</strong></span> <span class='ocrx_word' id='word_1_195' title='bbox 1366 2147 1553 2187; x_wconf 86' lang='lat' dir='ltr'><strong>domum</strong></span> <span class='ocrx_word' id='word_1_196' title='bbox 1578 2146 1626 2188; x_wconf 78' lang='lat' dir='ltr'><strong>in</strong></span> <span class='ocrx_word' id='word_1_197' title='bbox 1654 2145 1759 2187; x_wconf 76' lang='lat' dir='ltr'><strong>soli-</strong></span> 
     </span>
     <span class='ocr_line' id='line_1_28' title="bbox 224 2212 1751 2270; baseline -0.003 -13"><span class='ocrx_word' id='word_1_198' title='bbox 224 2216 397 2258; x_wconf 79' lang='lat' dir='ltr'><strong>tudine.</strong></span> <span class='ocrx_word' id='word_1_199' title='bbox 462 2215 651 2270; x_wconf 74' lang='lat' dir='ltr'><strong>Quarto,</strong></span> <span class='ocrx_word' id='word_1_200' title='bbox 678 2230 705 2257; x_wconf 92' lang='lat' dir='ltr'><strong>a</strong></span> <span class='ocrx_word' id='word_1_201' title='bbox 731 2215 958 2257; x_wconf 91' lang='lat' dir='ltr'><strong>desiderio</strong></span> <span class='ocrx_word' id='word_1_202' title='bbox 985 2214 1284 2256; x_wconf 86' lang='lat' dir='ltr'><strong>beatitudinis</strong></span> <span class='ocrx_word' id='word_1_203' title='bbox 1306 2221 1456 2255; x_wconf 91' lang='lat' dir='ltr'><strong>eterne</strong></span> <span class='ocrx_word' id='word_1_204' title='bbox 1482 2228 1585 2255; x_wconf 89' lang='lat' dir='ltr'><strong>cum</strong></span> <span class='ocrx_word' id='word_1_205' title='bbox 1612 2212 1751 2254; x_wconf 89' lang='lat' dir='ltr'><strong>dicit:</strong></span> 
     </span>
     <span class='ocr_line' id='line_1_29' title="bbox 225 2278 1759 2336; baseline -0.005 -11"><span class='ocrx_word' id='word_1_206' title='bbox 225 2290 266 2326; x_wconf 82' lang='lat' dir='ltr'><strong>et</strong></span> <span class='ocrx_word' id='word_1_207' title='bbox 302 2283 645 2326; x_wconf 66' lang='lat' dir='ltr'><strong>tabernaculum</strong></span> <span class='ocrx_word' id='word_1_208' title='bbox 678 2283 774 2324; x_wconf 78' lang='lat' dir='ltr'><strong>eius</strong></span> <span class='ocrx_word' id='word_1_209' title='bbox 812 2283 862 2324; x_wconf 77' lang='lat' dir='ltr'><strong>in</strong></span> <span class='ocrx_word' id='word_1_210' title='bbox 897 2288 1012 2324; x_wconf 68' lang='lat' dir='ltr'><strong>terra</strong></span> <span class='ocrx_word' id='word_1_211' title='bbox 1051 2281 1320 2334; x_wconf 73' lang='lat' dir='ltr'><strong>salsuginis.</strong></span> <span class='ocrx_word' id='word_1_212' title='bbox 1396 2280 1600 2336; x_wconf 85' lang='lat' dir='ltr'><strong>Salsugo</strong></span> <span class='ocrx_word' id='word_1_213' title='bbox 1637 2278 1759 2320; x_wconf 90' lang='lat' dir='ltr'><strong>enim</strong></span> 
     </span>
     <span class='ocr_line' id='line_1_30' title="bbox 225 2348 1761 2405; baseline -0.003 -13"><span class='ocrx_word' id='word_1_214' title='bbox 225 2351 364 2392; x_wconf 88' lang='lat' dir='ltr'><strong>situm</strong></span> <span class='ocrx_word' id='word_1_215' title='bbox 396 2364 487 2392; x_wconf 93' lang='lat' dir='ltr'><strong>non</strong></span> <span class='ocrx_word' id='word_1_216' title='bbox 516 2351 744 2405; x_wconf 84' lang='lat' dir='ltr'><strong>extinguit</strong></span> <span class='ocrx_word' id='word_1_217' title='bbox 769 2351 847 2392; x_wconf 92' lang='lat' dir='ltr'><strong>sed</strong></span> <span class='ocrx_word' id='word_1_218' title='bbox 875 2349 1075 2404; x_wconf 89' lang='lat' dir='ltr'><strong>amplius</strong></span> <span class='ocrx_word' id='word_1_219' title='bbox 1103 2349 1326 2391; x_wconf 89' lang='lat' dir='ltr'><strong>accendit.</strong></span> <span class='ocrx_word' id='word_1_220' title='bbox 1389 2348 1466 2390; x_wconf 87' lang='lat' dir='ltr'><strong>Sic</strong></span> <span class='ocrx_word' id='word_1_221' title='bbox 1495 2356 1537 2390; x_wconf 90' lang='lat' dir='ltr'><strong>et</strong></span> <span class='ocrx_word' id='word_1_222' title='bbox 1567 2348 1640 2390; x_wconf 91' lang='lat' dir='ltr'><strong>isti</strong></span> <span class='ocrx_word' id='word_1_223' title='bbox 1669 2359 1761 2402; x_wconf 90' lang='lat' dir='ltr'><strong>quo</strong></span> 
     </span>
     <span class='ocr_line' id='line_1_31' title="bbox 225 2413 1760 2473; baseline -0.003 -14"><span class='ocrx_word' id='word_1_224' title='bbox 225 2419 301 2460; x_wconf 89' lang='lat' dir='ltr'><strong>et2</strong></span> <span class='ocrx_word' id='word_1_225' title='bbox 338 2419 514 2473; x_wconf 89' lang='lat' dir='ltr'><strong>aliquid</strong></span> <span class='ocrx_word' id='word_1_226' title='bbox 551 2419 606 2460; x_wconf 89' lang='lat' dir='ltr'><strong>de</strong></span> <span class='ocrx_word' id='word_1_227' title='bbox 650 2418 891 2460; x_wconf 89' lang='lat' dir='ltr'><strong>dulcedine</strong></span> <span class='ocrx_word' id='word_1_228' title='bbox 933 2418 1024 2460; x_wconf 88' lang='lat' dir='ltr'><strong>uite</strong></span> <span class='ocrx_word' id='word_1_229' title='bbox 1064 2424 1214 2457; x_wconf 92' lang='lat' dir='ltr'><strong>eterne</strong></span> <span class='ocrx_word' id='word_1_230' title='bbox 1255 2423 1566 2470; x_wconf 90' lang='lat' dir='ltr'><strong>perceperunt,</strong></span> <span class='ocrx_word' id='word_1_231' title='bbox 1609 2429 1664 2456; x_wconf 90' lang='lat' dir='ltr'><strong>eo</strong></span> <span class='ocrx_word' id='word_1_232' title='bbox 1701 2413 1760 2455; x_wconf 92' lang='lat' dir='ltr'><strong>ad</strong></span> 
     </span>
     <span class='ocr_line' id='line_1_32' title="bbox 224 2485 1472 2541; baseline -0.002 -14"><span class='ocrx_word' id='word_1_233' title='bbox 224 2486 573 2540; x_wconf 89' lang='lat' dir='ltr'><strong>apprehendum</strong></span> <span class='ocrx_word' id='word_1_234' title='bbox 604 2493 647 2527; x_wconf 93' lang='lat' dir='ltr'><strong>et</strong></span> <span class='ocrx_word' id='word_1_235' title='bbox 671 2486 954 2541; x_wconf 88' lang='lat' dir='ltr'><strong>gustandum</strong></span> <span class='ocrx_word' id='word_1_236' title='bbox 984 2485 1133 2539; x_wconf 90' lang='lat' dir='ltr'><strong>magis</strong></span> <span class='ocrx_word' id='word_1_237' title='bbox 1165 2485 1472 2526; x_wconf 88' lang='lat' dir='ltr'><strong>inardescunt.</strong></span> 
     </span>
    </p>

    <p class='ocr_par' dir='ltr' id='par_1_8' title="bbox 226 2549 1761 2671">
     <span class='ocr_line' id='line_1_33' title="bbox 282 2549 1761 2606; baseline -0.002 -12"><span class='ocrx_word' id='word_1_238' title='bbox 282 2553 426 2595; x_wconf 87' lang='lat' dir='ltr'><strong>Porro</strong></span> <span class='ocrx_word' id='word_1_239' title='bbox 449 2560 635 2595; x_wconf 90' lang='lat' dir='ltr'><strong>sanctus</strong></span> <span class='ocrx_word' id='word_1_240' title='bbox 659 2553 890 2595; x_wconf 90' lang='lat' dir='ltr'><strong>Iohannes</strong></span> <span class='ocrx_word' id='word_1_241' title='bbox 910 2552 1133 2606; x_wconf 85' lang='lat' dir='ltr'><strong>Baptista,</strong></span> <span class='ocrx_word' id='word_1_242' title='bbox 1161 2560 1263 2606; x_wconf 93' lang='lat' dir='ltr'><strong>post</strong></span> <span class='ocrx_word' id='word_1_243' title='bbox 1288 2551 1523 2593; x_wconf 88' lang='lat' dir='ltr'><strong>Christum</strong></span> <span class='ocrx_word' id='word_1_244' title='bbox 1546 2549 1761 2606; x_wconf 87' lang='lat' dir='ltr'><strong>princeps</strong></span> 
     </span>
     <span class='ocr_line' id='line_1_34' title="bbox 226 2617 1759 2671; baseline -0.004 -8"><span class='ocrx_word' id='word_1_245' title='bbox 226 2622 562 2671; x_wconf 89' lang='lat' dir='ltr'><strong>heremitarum,</strong></span> <span class='ocrx_word' id='word_1_246' title='bbox 614 2622 742 2664; x_wconf 91' lang='lat' dir='ltr'><strong>nullo</strong></span> <span class='ocrx_word' id='word_1_247' title='bbox 789 2622 952 2664; x_wconf 84' lang='lat' dir='ltr'><strong>affectu</strong></span> <span class='ocrx_word' id='word_1_248' title='bbox 1002 2621 1268 2669; x_wconf 89' lang='lat' dir='ltr'><strong>retardante,</strong></span> <span class='ocrx_word' id='word_1_249' title='bbox 1319 2621 1459 2662; x_wconf 92' lang='lat' dir='ltr'><strong>uitam</strong></span> <span class='ocrx_word' id='word_1_250' title='bbox 1509 2617 1759 2660; x_wconf 92' lang='lat' dir='ltr'><strong>solitariam</strong></span> 
     </span>
    </p>
   </div>
   <div class='ocr_carea' id='block_1_6' title="bbox 222 2728 1761 2808">
    <p class='ocr_par' dir='ltr' id='par_1_9' title="bbox 222 2728 1761 2808">
     <span class='ocr_line' id='line_1_35' title="bbox 222 2728 1761 2808; baseline -0.003 -44"><span class='ocrx_word' id='word_1_251' title='bbox 222 2779 238 2808; x_wconf 58' lang='lat' dir='ltr'>t</span> <span class='ocrx_word' id='word_1_252' title='bbox 285 2734 317 2807; x_wconf 58' lang='grc' dir='ltr'><strong>ἐ.</strong></span> <span class='ocrx_word' id='word_1_253' title='bbox 345 2732 423 2771; x_wconf 83' lang='lat' dir='ltr'><strong>lob,</strong></span> <span class='ocrx_word' id='word_1_254' title='bbox 446 2734 500 2773; x_wconf 85' lang='lat'><strong>39,</strong></span> <span class='ocrx_word' id='word_1_255' title='bbox 525 2734 556 2775; x_wconf 89' lang='lat'><strong>5,</strong></span> <span class='ocrx_word' id='word_1_256' title='bbox 582 2734 611 2765; x_wconf 84' lang='lat'><strong>6.</strong></span> <span class='ocrx_word' id='word_1_257' title='bbox 680 2735 709 2765; x_wconf 86' lang='lat'><strong>2.</strong></span> <span class='ocrx_word' id='word_1_258' title='bbox 737 2732 887 2775; x_wconf 71' lang='lat' dir='ltr'><strong>Variety</strong></span> <span class='ocrx_word' id='word_1_259' title='bbox 910 2733 947 2764; x_wconf 91' lang='lat' dir='ltr'><strong>in</strong></span> <span class='ocrx_word' id='word_1_260' title='bbox 964 2732 1070 2765; x_wconf 85' lang='lat' dir='ltr'><strong>order</strong></span> <span class='ocrx_word' id='word_1_261' title='bbox 1087 2732 1126 2764; x_wconf 86' lang='lat' dir='ltr'><strong>of</strong></span> <span class='ocrx_word' id='word_1_262' title='bbox 1149 2731 1267 2764; x_wconf 89' lang='lat' dir='ltr'><strong>words</strong></span> <span class='ocrx_word' id='word_1_263' title='bbox 1289 2731 1327 2763; x_wconf 86' lang='lat' dir='ltr'><strong>in</strong></span> <span class='ocrx_word' id='word_1_264' title='bbox 1351 2730 1437 2763; x_wconf 81' lang='lat' dir='ltr'><strong>both</strong></span> <span class='ocrx_word' id='word_1_265' title='bbox 1459 2730 1542 2772; x_wconf 87' lang='lat' dir='ltr'><strong>long</strong></span> <span class='ocrx_word' id='word_1_266' title='bbox 1566 2729 1636 2762; x_wconf 82' lang='lat' dir='ltr'><strong>and</strong></span> <span class='ocrx_word' id='word_1_267' title='bbox 1659 2728 1761 2762; x_wconf 73' lang='lat' dir='ltr'><strong>short·</strong></span> 
     </span>
     <span class='ocr_line' id='line_1_36' title="bbox 240 2784 330 2807; baseline 0.011 -1"><span class='ocrx_word' id='word_1_268' title='bbox 240 2784 283 2807; x_wconf 83' lang='lat' dir='ltr'><strong>ex</strong></span> <span class='ocrx_word' id='word_1_269' title='bbox 304 2785 330 2807; x_wconf 84' lang='lat' dir='ltr'><strong>s.</strong></span> 
     </span>
    </p>
   </div>
  </div>
 </body>
</html>
