1881 2985
197 190 265 226 206
463 192 665 231 ACTIVE
699 194 814 229 AND
850 195 1311 233 CONTEMPLATIVE
1345 197 1470 235 LIFE

199 315 285 357 tur,
319 309 427 364 quia
456 318 632 352 tantum
665 312 907 353 celestibus
940 325 1030 352 non
1067 312 1309 353 intendunt
1343 322 1391 354 ut
1417 315 1482 357 sic
1515 316 1559 356 in
1592 316 1727 357 Ihesu

193 375 385 417 iubilare
416 386 686 429 mereantur,
718 388 759 419 et
790 379 890 419 ideo
922 379 1083 419 merito
1113 368 1262 420 actiua
1296 379 1390 421 uita
1419 381 1725 435 postponitur,

193 451 235 485 et
256 446 613 499 contemplatiua
637 447 682 487 in
707 448 905 501 presenti
929 455 969 488 et
997 448 1042 488 in
1068 447 1221 489 futuro
1247 449 1389 504 digne
1413 450 1653 504 prefertur.

259 513 397 556 Unde
418 515 463 555 in
489 515 683 556 fercu101
703 517 797 557 ueri
822 516 1086 558 Salomonis
1109 517 1354 572 columpne
1373 527 1479 560 sunt
1502 525 1730 574 argentee,

199 588 241 621 et
275 582 609 624 reclinatorium
639 597 845 624 aureum.
936 583 1182 638 Colunpne
1213 585 1424 627 cathedre
1455 594 1562 627 sunt
1592 586 1732 627 fortes

199 656 526 691 sustentatores
552 657 594 690 et
619 650 727 691 boni
758 658 951 692 rectores
976 651 1176 693 ecclesie.
1242 651 1343 694 Hec
1367 661 1473 693 sunt
1497 658 1726 707 argentee,

201 715 308 769 quia
346 716 391 755 in
430 718 783 758 conuersacione
821 726 928 760 sunt
965 719 1086 767 clari,
1125 719 1169 759 in
1209 720 1524 774 predicacione
1557 719 1727 761 sonori.

203 783 563 825 Reclinatorium
586 799 775 826 aureum
798 793 904 826 sunt
929 786 1015 826 uiri
1036 787 1379 840 contemplatiui
1407 787 1452 827 in
1479 786 1660 842 quibus,
1685 786 1729 826 in

200 864 380 891 summa
410 852 558 906 quiete
588 853 900 901 existentibus,
932 854 1188 907 specialiter
1218 855 1403 896 reclinat
1431 862 1569 908 caput
1596 866 1731 896 suum

201 918 426 960 Christus.
518 919 637 960 Nam
671 927 713 960 et
747 920 834 973 ipsi
866 921 909 960 in
945 921 1060 974 ipso2
1098 922 1393 976 singulariter
1425 921 1728 976 requiescunt.

90 987 115 1020 f.
136 989 174 1020 81
203 985 283 1026 Hii
312 994 418 1028 sunt
449 987 587 1035 aurei,
621 987 729 1042 quia
753 988 960 1042 puriores
991 996 1033 1029 et
1060 989 1254 1030 cariores
1281 997 1388 1030 sunt
1419 989 1463 1029 in
1497 988 1732 1030 honestate

201 1054 403 1102 uiuendi,
439 1063 481 1096 et
520 1054 866 1096 rubicundiores
904 1056 948 1095 in
986 1055 1163 1097 feruore
1196 1056 1382 1097 amandi
1433 1069 1485 1097 ac
1534 1063 1732 1098 contem-

200 1121 377 1174 plandi.
441 1121 584 1163 Porro
622 1122 749 1163 Deus
790 1122 1068 1176 predestinat
1107 1123 1272 1165 electos
1310 1137 1418 1165 suos
1457 1124 1515 1165 ad
1551 1123 1732 1165 diuersa

201 1187 452 1228 ministeria
481 1188 814 1243 perimplenda.
879 1189 983 1231 Non
1015 1190 1136 1231 enim
1170 1191 1370 1246 singulis
1394 1192 1551 1233 datum
1585 1199 1652 1233 est
1684 1198 1732 1232 ut

198 1255 355 1295 omnia
382 1255 530 1296 officia
561 1264 921 1311 exequerentur:
961 1258 1041 1299 sed
1072 1259 1246 1313 singuli
1279 1259 1447 1300 habent
1480 1260 1603 1315 quod
1636 1259 1732 1300 suis

200 1322 394 1364 statibus
425 1324 577 1378 magis
605 1325 832 1378 congruit.
898 1324 1036 1366 Unde
1067 1325 1304 1379 apostolus
1334 1326 1426 1367 ait:
1473 1325 1732 1380 Unicuique

192 1395 400 1431 nostrum
440 1391 543 1432 data
583 1397 647 1433 est
683 1391 838 1445 gracia
873 1393 1127 1433 secundum
1161 1406 1424 1434 mensuram
1463 1392 1730 1435 donacionis

203 1456 412 1500 Christi-3
475 1459 567 1500 Alii
598 1460 718 1501 enim
749 1461 1021 1502 elemosinas
1051 1475 1104 1501 ex
1134 1461 1248 1503 iuste
1272 1462 1515 1515 adquisitis
1542 1460 1731 1502 faciunt.

202 1527 296 1568 Alii
329 1541 474 1582 usque
503 1527 562 1568 ad
592 1535 780 1569 mortem
814 1529 1048 1569 ueritatem
1081 1529 1348 1570 defendunt.
1415 1528 1507 1568 Alii
1540 1526 1732 1568 uerbum

204 1594 290 1635 Dei
312 1595 429 1636 clare
452 1602 493 1636 et
514 1595 688 1636 fortiter
708 1596 958 1650 predicant,
985 1603 1026 1636 et
1045 1596 1149 1637 aliis
1171 1595 1500 1650 predicandum
1523 1595 1567 1636 in
1590 1594 1732 1647 scrip-

200 1663 315 1704 turis
338 1663 434 1704 suis
460 1663 768 1704 manifestant.
834 1663 927 1704 Alii
955 1677 1039 1717 pro
1063 1663 1162 1705 Deo
1184 1677 1401 1717 magnam
1428 1662 1731 1717 penitenciam

202 1738 243 1770 et
269 1730 496 1771 miseriam
526 1730 569 1770 in
599 1730 683 1771 hac
711 1730 803 1771 uita
831 1730 1039 1771 tolerant.
1105 1730 1198 1771 Alii
1226 1744 1306 1785 per
1333 1730 1505 1771 donum
1531 1736 1731 1771 contem-

201 1797 428 1851 placionis
461 1797 546 1839 soli
586 1797 685 1838 Deo
715 1805 891 1845 uacant,
930 1805 971 1838 et
1005 1797 1063 1838 ad
1099 1797 1348 1838 amandum
1396 1796 1632 1838 Christum
1685 1810 1732 1838 se

201 1877 391 1917 prorsus
415 1865 694 1918 mancipant.
759 1864 850 1906 Sed
874 1865 973 1906 sine
999 1865 1143 1906 dubio
1167 1865 1279 1906 inter
1301 1878 1463 1907 omnes
1483 1872 1629 1906 status
1653 1864 1731 1919 qui

201 1939 309 1973 sunt
343 1932 388 1972 in
425 1932 615 1973 ecclesia
649 1932 869 1987 precipuo
911 1932 1114 1987 gaudent
1166 1945 1352 1973 munere
1404 1932 1496 1986 qui,
1532 1938 1731 1974 contem-

202 2000 401 2053 platores
437 1999 581 2041 effecti
615 2000 660 2040 in
698 2000 859 2041 diuino
894 2013 1060 2048 amore,
1099 2000 1187 2041 iam
1228 2007 1488 2041 meruerunt
1526 1998 1732 2041 canendo

203 2067 406 2110 iubilare.

260 2133 310 2175 Si
344 2135 447 2190 quis
469 2142 620 2176 autem
651 2142 890 2190 utramque
920 2135 1060 2176 uitam
1090 2135 1234 2189 possit
1265 2134 1516 2189 adquirere,
1548 2133 1731 2180 scilicet,

202 2201 606 2255 contemplatiuam
646 2209 688 2242 et
725 2202 935 2250 actiuam,
975 2209 1017 2243 et
1057 2202 1180 2255 ipsas
1221 2203 1410 2243 retinere
1449 2210 1490 2243 et
1530 2202 1730 2256 implere,

204 2282 402 2322 magnus
423 2276 538 2310 esset
560 2269 645 2316 ille,
669 2276 717 2309 ut
738 2269 948 2310 uidelicet
967 2269 1199 2322 corporale
1220 2269 1404 2322 impleat
1428 2268 1731 2310 ministerium

203 2343 245 2376 et
267 2335 568 2378 nihilominus
589 2336 634 2376 in
656 2349 703 2377 se
723 2350 941 2378 sonorum
960 2336 1148 2377 celicum
1170 2335 1355 2384 senciat,
1375 2343 1417 2376 et
1440 2336 1485 2376 in
1509 2334 1731 2391 gaudium

203 2402 344 2443 eterni
374 2403 542 2444 amoris
574 2416 743 2444 canens
777 2402 996 2457 liquefiat.
1059 2402 1225 2444 Nescio
1258 2403 1296 2443 si
1331 2415 1535 2456 unquam
1565 2400 1732 2455 aliquis

204 2470 408 2511 mortalis
466 2470 551 2512 hoc
610 2470 798 2511 habuit:
859 2470 971 2511 mihi
1031 2469 1314 2523 impossibile
1372 2469 1552 2509 uidetur
1609 2467 1731 2521 quod

204 2544 448 2591 utrumque
475 2537 612 2578 simul
639 2537 732 2577 fiat.
796 2537 1009 2579 Christus
1032 2550 1139 2577 uero
1169 2537 1282 2577 inter
1310 2536 1521 2578 homines
1546 2549 1637 2576 non
1665 2540 1731 2575 est

205 2604 516 2646 numerandus
548 2604 593 2644 in
630 2604 714 2646 hac
748 2612 886 2658 parte,
921 2617 1066 2659 neque
1101 2606 1231 2646 beata
1282 2603 1429 2644 Mater
1473 2603 1570 2644 eius
1617 2603 1732 2643 inter

204 2671 429 2712 mulieres.
495 2670 707 2712 Christus
731 2672 851 2712 enim
878 2685 968 2712 non
990 2671 1148 2711 habuit
1174 2670 1400 2712 uolubiles
1423 2669 1732 2724 cogitaciones

266 2773 293 2803 1.
322 2770 374 2804 Cf.
397 2770 497 2803 Cant.
513 2771 546 2809 3,
560 2771 588 2803 9.
622 2769 711 2803 RV.
734 2770 989 2813 “palanq11i1i.'’
1034 2772 1063 2804 2.
1097 2771 1144 2812 (9)
1170 2771 1187 2784 ‘⁶
1205 2769 1381 2803 Christo.''
1427 2772 1458 2804 3.
1486 2768 1613 2811 Eplies.
1649 2769 1680 2807 4,
1700 2767 1728 2798 7.
