1881 2985
212 193 277 227 154
838 190 872 223 V
877 190 1116 225 OCATION

266 299 467 355 Quidam
488 303 659 357 quippe
677 305 797 346 bona
817 319 954 359 opera
976 314 1180 361 egerunt,
1193 309 1273 350 sed
1295 310 1399 351 inde
1420 324 1511 351 non
1531 311 1738 353 diuinam

206 368 286 409 sed
335 368 584 411 humanam
632 371 826 426 gloriam
873 374 1148 428 quesierunt,
1197 382 1240 416 et
1285 375 1348 417 hii
1398 385 1501 432 post
1548 386 1738 420 mortem

208 444 412 489 pereunt,
436 437 522 480 hoc
544 446 695 479 tamen
719 439 951 489 habentes,
977 441 1099 495 quod
1125 442 1170 482 in
1194 442 1280 484 hoc
1303 445 1478 486 mundo
1499 445 1740 499 concupis-

206 510 328 544 cunt.
423 504 542 545 Nam
580 512 622 546 et
658 519 765 559 sepe
803 507 1029 562 contingit
1067 509 1190 563 quod
1228 510 1513 552 mediocriter
1549 513 1658 554 boni
1697 520 1740 554 et

205 570 361 612 minus
381 571 567 625 perfecti
593 573 811 614 miracula
834 573 1017 625 faciant,
1045 582 1087 615 et
1113 575 1381 631 plerumque
1407 579 1547 620 eciam
1571 580 1739 621 summi

205 639 263 680 ab
292 639 381 681 hiis
415 640 460 680 in
491 641 732 683 celestibus
761 642 949 684 sedibus
982 657 1133 685 coram
1170 644 1348 687 uultum
1386 646 1472 687 Dei
1505 647 1740 690 constituti

207 707 390 759 penitus
422 708 670 762 quiescant,
703 708 923 751 habentes
955 711 1111 765 utique
1141 713 1301 753 merita
1329 714 1445 755 sual
1477 715 1593 755 inter
1618 728 1740 757 sum-

208 787 307 816 mas
342 774 504 816 choras
536 776 825 830 angelorum.
889 776 1012 832 Quia
1043 785 1085 819 et
1121 779 1287 821 festum
1319 782 1462 822 sancti
1500 781 1742 823 Michaelis

209 841 459 884 celebratur
497 843 765 896 specialiter,
806 852 847 885 et
886 852 1037 886 tamen
1079 860 1198 888 unus
1236 847 1292 888 de
1330 862 1546 902 supremo
1581 850 1742 891 ordine

209 910 478 963 angelorum
520 924 617 951 esse
659 924 749 952 non
792 912 1028 954 creditur.2
1110 913 1311 968 Quidam
1354 924 1396 956 et
1435 918 1644 958 conuersi
1684 917 1742 958 ad

210 975 360 1018 Deum
390 984 432 1018 et
460 977 798 1030 penitenciam3
826 987 1029 1034 agentes,
1055 981 1367 1037 seculariaque
1398 985 1589 1038 negocia
1615 985 1742 1026 dese-

209 1052 369 1096 rentes,
398 1046 601 1100 gaudent
630 1046 675 1086 in
704 1047 989 1101 cogitacione
1016 1061 1112 1096 sua,
1141 1049 1179 1091 si
1210 1049 1415 1103 ipsorum
1446 1065 1612 1092 nomen
1639 1059 1744 1107 post

210 1119 399 1152 mortem
432 1126 562 1154 suam
595 1114 718 1167 apud
752 1122 960 1168 posteros
994 1115 1259 1158 honoretur.
1336 1118 1410 1159 Ad
1441 1118 1527 1161 hoc
1558 1119 1743 1174 quidem

210 1187 463 1233 respectum
507 1194 597 1221 non
645 1181 830 1223 habebit
870 1182 1018 1225 fidelis
1061 1197 1222 1226 seruus
1268 1185 1453 1234 Christi,
1499 1200 1555 1227 ne
1597 1194 1742 1229 totum

208 1247 367 1300 perdat
400 1249 522 1302 quod
555 1256 782 1302 operatur.

268 1314 335 1355 Ea
359 1315 481 1356 enirn
506 1330 593 1371 que
613 1318 875 1359 communia
897 1326 1003 1359 sunt
1025 1319 1159 1360 bonis
1184 1327 1226 1360 et
1250 1319 1383 1361 malis
1405 1334 1431 1361 a
1456 1321 1625 1362 sanctis
1651 1333 1743 1360 non

207 1390 315 1424 sunt
351 1384 633 1436 appetenda;
681 1385 761 1425 sed
800 1385 962 1427 caritas
996 1393 1038 1426 et
1075 1386 1265 1428 uirtutes
1302 1387 1564 1441 spirituales
1602 1388 1745 1429 inces-

208 1457 360 1491 Santer
412 1450 457 1490 in
511 1452 724 1493 cordibus
776 1453 943 1494 nostris
995 1452 1259 1508 infigantur,
1312 1468 1400 1509 que
1452 1468 1543 1495 non
1593 1454 1742 1496 solum

207 1517 409 1558 animam
438 1531 464 1558 a
493 1519 733 1572 putredine
763 1528 1050 1573 peccatorum
1079 1522 1355 1570 custodiunt,
1388 1522 1468 1563 sed
1501 1530 1544 1562 et
1577 1535 1744 1576 corpus

209 1585 255 1625 in
290 1593 491 1626 eternam
526 1587 792 1627 memoriam
826 1587 870 1627 in
908 1587 1076 1629 iudicio
1106 1588 1387 1630 exaltabunt.
1451 1588 1622 1631 Omnia
1656 1602 1745 1644 que

208 1651 283 1694 hic
320 1652 435 1694 fiunt
475 1653 564 1695 cito
603 1653 819 1709 fugiunt:
863 1654 924 1695 ibi
964 1662 1116 1696 autern
1157 1663 1236 1697 aut
1277 1656 1323 1696 in
1366 1656 1538 1697 honore
1577 1664 1656 1698 aut
1697 1656 1742 1696 in

209 1720 479 1762 confusione
509 1721 608 1762 sine
637 1721 726 1762 fine
755 1722 1114 1775 perducabunt.a
1175 1723 1328 1764 Actiui
1362 1737 1468 1765 uero
1497 1731 1540 1765 et
1569 1723 1744 1779 prelati,

209 1788 374 1829 uirtute
413 1797 454 1829 et
493 1789 689 1830 sciencia
727 1789 848 1837 clari,
888 1790 1271 1844 contemplatiuos
1309 1791 1396 1832 sibi
1438 1792 1604 1846 iugiter
1642 1804 1741 1847 pre-

207 1862 396 1908 ponant,
422 1863 464 1896 et
489 1869 640 1897 coram
669 1856 769 1897 Deo
795 1857 1052 1910 superiores
1081 1857 1313 1906 arbitrent,
1344 1866 1386 1898 et
1414 1872 1462 1899 se
1489 1859 1548 1900 ad
1577 1872 1742 1901 uacan-

79 1927 104 1960 f.
125 1928 188 1963 6712
208 1922 317 1964 dum
339 1923 720 1977 contemplacioni
748 1924 938 1966 idoneos
963 1937 1055 1965 non
1080 1925 1302 1974 estiment,
1330 1925 1417 1966 nisi
1444 1926 1557 1967 forte
1583 1926 1744 1968 diuina

208 1990 362 2044 gracia
388 2004 467 2032 eos
489 1990 548 2032 ad
575 1990 694 2032 hanc
720 1991 925 2045 inspiret.

873 2157 984 2199 CAP.
1017 2170 1060 2210 4.

323 2257 622 2312 (Differencia
649 2258 764 2299 inter
789 2266 1014 2300 amatores
1044 2258 1130 2299 Dei
1159 2267 1201 2300 et
1223 2272 1378 2300 eorum
1408 2258 1626 2313 premiis.)

267 2359 455 2400 Amoris
481 2360 621 2400 eterni
652 2360 914 2402 incendium
945 2360 1146 2402 humana
1172 2360 1326 2400 anima
1356 2373 1446 2400 non
1476 2358 1624 2406 sentit,
1655 2368 1743 2411 que

210 2440 301 2468 non
345 2427 474 2481 prius
515 2441 697 2468 ornnem
743 2428 903 2470 mundi
948 2424 1194 2470 uanitatem
1243 2426 1439 2481 perfecte
1488 2424 1742 2479 dereliquit,

209 2494 377 2549 iugiter
407 2495 598 2537 studens
628 2495 870 2537 celestibus
896 2495 1141 2543 intendere,
1174 2501 1216 2535 et
1246 2494 1344 2535 sine
1374 2492 1742 2548 pretermissione

207 2562 414 2604 diuinam
453 2562 749 2603 dileccionem
789 2562 1058 2610 desiderare,
1096 2569 1232 2616 atque
1269 2575 1453 2602 omnem
1491 2567 1741 2602 creaturam

207 2630 453 2671 amandam
474 2630 680 2670 ordinate
700 2630 906 2684 diligere.
971 2628 1021 2670 Si
1045 2629 1165 2669 enim
1186 2641 1322 2669 omne
1345 2628 1469 2683 quod
1489 2627 1740 2681 diligimus,

265 2734 292 2764 1.
319 2730 428 2763 Short,
455 2733 580 2765 texts:
619 2731 861 2764 “memoriam
889 2731 1027 2764 suam.'’
1094 2732 1125 2764 2.
1153 2730 1223 2762 For
1250 2729 1355 2763 Rolle
1382 2741 1428 2763 on
1451 2730 1514 2763 the
1532 2729 1686 2763 “orders
1708 2727 1747 2761 of

206 2773 362 2816 angels''
387 2784 446 2807 see
462 2774 674 2815 Horstman,
705 2773 729 2814 i,
748 2776 799 2809 50.
867 2776 897 2808 3.
925 2775 964 2815 (i)
983 2773 1251 2817 “potenciam.”
