1881 2985
219 167 286 192 200
544 161 757 200 SACRED
794 164 909 199 AND
946 165 1201 203 PROFANE
1237 167 1454 204 BEAUTY

867 280 977 323 CAP.
1018 294 1084 334 19.

216 364 307 419 (De
331 366 672 420 pulchritudine
694 370 872 418 mentis,
897 371 1097 412 uanitate
1122 373 1295 421 mundi,
1320 381 1363 415 et
1383 374 1632 417 dileccione
1660 376 1746 418 Dei

333 442 375 474 et
425 435 620 487 proximi
670 437 913 487 connexi53
956 445 999 478 et
1042 451 1101 478 an
1149 439 1378 492 perfectus
1423 454 1552 484 amor
1594 450 1748 496 posset

327 501 473 542 amitti
497 509 539 543 et
565 504 797 557 preparari
825 504 870 544 in
898 504 1006 558 uia.)

268 614 318 656 Si
354 616 579 659 dilecteris
614 617 659 657 in
690 617 1046 671 pulchritudine,
1082 619 1197 661 scito
1231 621 1339 675 quia
1373 623 1549 675 species
1582 625 1748 668 mentis

213 693 287 726 tue
329 686 461 728 faciet
499 687 702 727 adamari
742 701 768 728 a
806 701 990 729 summo
1028 688 1233 742 pulchro,
1269 690 1307 731 si
1341 703 1439 731 eam
1481 690 1628 744 ipsius
1660 689 1745 731 soli

106 758 134 791 f.
151 760 193 792 34
213 753 452 795 dileccioni
473 767 716 796 conserues
738 755 966 798 intactam.
1017 755 1369 810 [Corruptibilis
1391 756 1575 812 quidem
1595 756 1746 800 carnis

211 822 362 863 omnis
395 822 528 863 decor
559 823 724 864 debilis
756 831 822 864 est
855 831 897 864 et
924 824 1229 877 despectiuus,
1263 825 1371 880 quia
1397 825 1488 867 cito
1519 824 1746 866 transiens

212 889 379 942 decipit
408 903 570 931 omnes
601 890 840 932 dilectores
875 905 1001 933 suos.
1065 891 1173 933 Uite
1211 892 1352 947 igitur
1387 899 1539 934 nostre
1576 892 1746 934 uirtuo-

211 957 321 999 sitas
358 957 403 997 in
437 957 522 999 hoc
554 958 734 999 existit:
779 966 828 999 ut
861 965 1124 1013 contempta
1158 968 1200 1001 et
1236 959 1500 1001 conculcata
1530 960 1745 1008 uanitate,

211 1024 387 1064 ueritati
418 1024 779 1078 inseparabiliter
802 1026 1119 1067 adhereamus.
1186 1026 1323 1068 Uana
1347 1035 1455 1068 sunt
1478 1027 1634 1068 omnia
1662 1026 1747 1066 ista

211 1092 411 1133 uisibilia
450 1106 537 1147 que
574 1093 619 1133 in
658 1101 774 1134 terra
811 1094 1213 1146 concupiscuntur.
1280 1093 1404 1135 Uera
1435 1093 1607 1148 quippe
1638 1101 1746 1135 sunt

211 1173 298 1214 que
330 1159 475 1200 uideri
509 1173 600 1201 non
639 1167 846 1214 possunt,
882 1161 1071 1203 celescia
1107 1169 1150 1202 et
1185 1168 1352 1202 eterna.
1432 1160 1600 1203 Omnis
1637 1173 1746 1202 uero

212 1226 488 1269 christianus
509 1227 554 1267 in
579 1241 633 1269 eo
653 1241 700 1269 se
719 1228 910 1269 electum
936 1242 961 1269 a
988 1228 1089 1269 Deo
1109 1228 1321 1276 ostendit,
1349 1242 1441 1283 quo
1465 1228 1548 1270 hec
1569 1236 1746 1269 terrena

210 1308 295 1347 pro
322 1294 468 1335 nihilo
494 1302 722 1348 reputans,
753 1303 874 1337 totus
905 1295 950 1336 in
979 1295 1153 1337 diuinis
1179 1295 1419 1338 desideriis
1445 1296 1672 1345 dilatatur,
1703 1302 1745 1337 et

215 1361 320 1402 inde
363 1362 528 1415 accipit
567 1362 888 1416 almiphonum
916 1363 1085 1404 amoris
1129 1362 1395 1412 archanum,
1442 1364 1565 1418 quod
1611 1377 1748 1405 nemo

213 1442 417 1483 unquam
444 1430 573 1470 nouit
598 1430 951 1478 mundanorum,
973 1430 1133 1484 quia]1
1156 1431 1266 1472 dum
1291 1431 1481 1473 terrenis
1503 1429 1742 1483 concupis-

206 1495 377 1537 cenciis
395 1496 499 1550 quis
521 1496 788 1548 inuoluitur,
814 1511 840 1537 a
861 1510 1024 1550 sapore
1045 1497 1223 1540 celestis
1245 1497 1405 1554 gaudii
1431 1496 1747 1539 miserabiliter

214 1566 470 1621 elongatur.
531 1565 627 1618 [Ac
660 1567 875 1608 nimirum
911 1567 1181 1608 innitentis2
1212 1567 1364 1607 anime
1392 1574 1528 1621 atque
1555 1578 1744 1621 prorsus

211 1633 380 1674 intente
407 1634 551 1674 amori
578 1634 840 1682 eternitatis,
869 1634 1198 1689 Christumque
1231 1633 1577 1688 infatigabiliter
1603 1633 1744 1686 adop-

214 1702 354 1743 tantis
385 1702 534 1744 cordis
564 1703 804 1756 capacitas,
836 1702 1129 1743 abundancia
1159 1701 1400 1743 suauitatis
1425 1701 1539 1743 solet
1569 1699 1744 1754 repleri,

211 1776 259 1809 ut
301 1769 442 1810 eciam
486 1770 531 1809 in
574 1769 658 1810 hac
701 1782 835 1810 carne
876 1769 1121 1810 letabunda
1165 1769 1295 1824 quasi
1339 1768 1610 1824 angelorum
1652 1766 1744 1808 uite

211 1837 432 1891 fungatur
463 1837 706 1878 amenitate
735 1850 918 1881 canora.

270 1904 417 1959 Igitur
441 1905 478 1946 si
506 1918 650 1958 purus
676 1912 718 1945 et
742 1903 972 1959 perfectus
995 1917 1124 1944 amor
1151 1910 1304 1944 noster
1323 1903 1394 1952 sit,
1421 1902 1641 1958 quicquid
1668 1914 1746 1943 cor

212 1979 417 2012 nostrum
462 1972 638 2026 diligat,
683 1972 811 2012 Deus
855 1971 1029 2013 existat.
1106 1969 1157 2012 Si
1200 1984 1310 2012 uero
1353 1971 1661 2024 nosmetipsos
1703 1977 1745 2011 et

210 2053 370 2081 omnes
397 2039 509 2081 alias
536 2047 764 2081 creaturas
796 2053 883 2094 que
910 2039 1144 2094 diligende
1173 2046 1278 2081 sunt
1327 2052 1418 2080 non
1450 2039 1538 2079 nisi
1565 2039 1610 2079 in
1644 2038 1747 2079 Deo

206 2116 248 2148 et
275 2114 462 2161 propter
492 2107 641 2148 Deum
671 2106 926 2161 diligimus,
960 2106 1071 2161 quid
1096 2105 1221 2147 aliud
1248 2106 1293 2146 in
1321 2105 1456 2148 nobis
1482 2113 1524 2147 et
1554 2106 1599 2146 in
1631 2105 1746 2159 ipsis

215 2190 352 2231 quam
404 2177 555 2230 ipsum
601 2177 845 2217 amamus?
940 2175 1059 2217 Cum
1111 2188 1308 2230 namque
1356 2174 1485 2216 Deus
1533 2188 1560 2215 a
1610 2173 1744 2214 nobis

213 2252 309 2285 toto
328 2244 464 2286 corde
486 2251 579 2285 tota
603 2251 753 2285 mente
777 2243 999 2298 diligitur,
1027 2250 1136 2284 tunc
1156 2243 1254 2284 sine
1276 2241 1421 2283 dubio
1444 2248 1486 2282 et
1507 2239 1744 2295 proximus

214 2319 367 2354 noster
400 2319 442 2352 et
477 2325 613 2353 omne
652 2311 940 2366 diligendum
981 2310 1226 2351 rectissime
1263 2315 1459 2351 amatur.
1543 2306 1593 2348 Si
1632 2317 1745 2359 ergo

208 2386 353 2419 toturn
380 2392 457 2420 cor
482 2386 688 2420 nostrum
709 2392 861 2420 coram
890 2379 991 2419 Deo
1016 2386 1058 2419 et
1083 2377 1127 2417 in
1153 2390 1307 2418 amore
1335 2376 1422 2417 Dei
1446 2374 1741 2420 effundimus,

209 2446 312 2499 ipso
341 2446 485 2501 ligato
511 2453 553 2487 et
577 2446 701 2499 apud
730 2446 881 2487 Deum
911 2446 1106 2493 detentO,
1136 2444 1247 2499 quid
1275 2450 1475 2484 remanet
1504 2441 1622 2483 ultra
1649 2452 1743 2496 quo

207 2514 394 2569 aliquod
418 2514 543 2555 aliud
566 2513 808 2554 amemus?
871 2513 924 2554 In
948 2512 1196 2554 dileccione
1219 2524 1330 2552 uero
1353 2510 1439 2552 Dei
1461 2517 1528 2551 est
1551 2507 1742 2550 dileccio

207 2582 422 2635 proximi.
484 2581 613 2623 Sicut
643 2595 756 2636 ergo
779 2581 857 2636 qui
890 2581 1039 2621 Deum
1071 2578 1224 2634 diligit
1252 2578 1486 2620 hominem
1518 2590 1610 2618 non
1637 2575 1740 2617 dili-

210 2663 316 2705 gere
341 2649 495 2701 nescit,
516 2649 576 2690 ita
601 2649 678 2703 qui
702 2648 937 2690 Christum
963 2660 1068 2688 uere
1093 2646 1220 2687 nouit
1242 2645 1447 2699 diligere,
1474 2642 1589 2685 nihil
1615 2643 1660 2683 in
1686 2654 1740 2682 eo

267 2740 294 2770 1.
323 2737 429 2770 Shorb
458 2739 556 2770 texts
586 2737 713 2768 “Item
743 2736 861 2770 dum.’'
907 2738 936 2769 2.
967 2736 1017 2777 (k)
1053 2733 1267 2766 “nitentis”
