1881 2985
209 194 274 238 156
570 195 840 232 REWARDS
874 196 941 230 OF
975 196 1132 231 GOD'S
1165 196 1378 234 LOVERS

205 310 352 353 Cuius
371 325 512 364 amor,
537 313 582 353 in
608 314 821 356 cordibus
844 314 1072 355 radicatus
1093 314 1361 370 stabilisque
1384 315 1570 359 effectus
1589 324 1736 358 trans-

204 378 369 420 format
408 393 491 422 nos
527 381 585 422 ad
622 395 751 422 suam
790 381 1163 432 similitudinem3
1216 389 1257 423 et
1294 382 1431 424 aliam
1466 383 1660 439 gloriam
1693 389 1736 423 et

203 447 410 488 diuinam
436 448 571 502 plane
594 448 881 490 letificantem
907 456 1080 490 mentes
1105 462 1259 491 amore
1283 450 1547 492 ardencium
1578 451 1622 491 in
1652 464 1737 492 nos

204 514 420 556 infundit.

261 582 406 623 Amor
433 582 554 623 enim
585 583 684 624 eius
709 583 832 637 ignis
860 591 926 625 est
956 583 1116 638 igneas
1145 584 1317 627 faciens
1344 585 1535 635 animas,
1567 593 1615 628 ut
1644 585 1736 627 sint

204 649 405 691 lucentes
438 658 478 691 et
513 658 705 698 urentes,
736 657 777 690 et
804 658 1030 706 expurgat
1060 664 1137 693 eas
1163 652 1221 693 ab
1256 653 1381 693 omni
1418 652 1512 694 fece
1546 653 1733 708 peccati.

205 716 296 771 Qui
320 717 443 772 ignis
468 718 512 758 in
536 718 691 759 electis
710 718 876 759 ardens
897 719 1021 773 cogit
1043 732 1120 760 eos
1142 732 1324 761 sursum
1345 733 1525 774 semper
1547 720 1736 761 mental-

204 784 286 825 iter
326 786 540 838 aspicere,
584 792 626 826 et
672 792 861 826 mortem
908 786 953 826 in
995 786 1222 827 desiderio
1264 786 1490 829 indefesse
1529 788 1733 829 retinere.

205 852 405 893 Proinde
432 866 678 907 pensemus
707 853 817 894 dum
846 853 998 895 adhuc
1029 866 1215 907 peccare
1242 854 1486 908 possimus,
1519 866 1739 909 prospera

203 920 363 961 mundi
401 920 574 974 fugere,
610 920 804 962 aduersa
841 920 1033 962 libenter
1069 920 1291 962 tollerare.
1377 921 1502 963 Mala
1539 935 1737 977 namque

204 1001 333 1028 mens
358 1001 461 1028 cum
484 988 654 1042 gaudet
679 988 865 1041 deperit,
891 995 932 1029 et
959 988 1158 1042 seipsam
1189 989 1319 1044 quasi
1348 989 1522 1031 blando
1546 1002 1737 1038 ueneno,

203 1055 312 1096 dum
349 1055 394 1095 in
426 1063 628 1097 creatura
665 1055 989 1098 iocunditatem
1024 1056 1182 1111 querit,
1217 1057 1394 1098 occidit.
1457 1056 1605 1099 Cuius
1632 1069 1738 1099 con-

204 1123 328 1177 tagia
359 1136 576 1164 conemur
605 1123 807 1164 deuitare
838 1124 1127 1178 inspiciendo
1155 1125 1200 1165 in
1233 1124 1433 1166 internas
1460 1124 1620 1178 epulas
1651 1137 1740 1179 que

202 1190 485 1232 amatoribus
545 1191 813 1233 ardentibus
873 1192 1048 1247 integre
1103 1192 1375 1234 ordinantur
1431 1192 1476 1232 in
1531 1191 1738 1233 excelsis.

206 1257 365 1312 Itaque
398 1258 707 1300 confortemur
737 1259 1011 1301 concedente
1046 1259 1234 1301 Christo
1266 1260 1311 1300 in
1346 1273 1511 1301 canore
1540 1259 1742 1301 caritatis

204 1332 246 1366 et
296 1325 571 1367 delectemur
624 1327 667 1366 in
718 1326 982 1369 dulcissona
1032 1327 1295 1375 deuocione‚
1348 1327 1457 1369 dum
1511 1326 1639 1381 impii
1693 1326 1739 1366 in

205 1393 444 1435 horrendis
473 1394 828 1436 obscuritatibus
850 1395 1159 1442 obdormiunt,
1186 1402 1228 1436 et
1252 1394 1500 1436 sceleribus
1528 1394 1652 1449 pleni
1680 1393 1739 1434 ad

78 1466 102 1500 f.
122 1466 186 1500 68b
204 1461 431 1514 supplicia
457 1461 754 1503 descendunt.
821 1461 1051 1504 Nimirum
1084 1462 1217 1504 ualde
1245 1462 1426 1504 uidetur
1454 1462 1577 1517 quod
1604 1468 1739 1502 mort-

204 1528 289 1569 alis
324 1528 462 1570 homo
499 1529 543 1569 in
581 1536 673 1570 tam
710 1529 870 1571 diuina
905 1529 1153 1571 dileccione
1185 1530 1374 1583 capitur,
1413 1530 1536 1585 quod
1574 1529 1619 1570 in
1656 1541 1740 1570 sua

205 1596 439 1637 secreciori
470 1596 733 1638 substancia
762 1610 853 1638 non
879 1596 1015 1639 sentit
1041 1597 1129 1638 nisi
1155 1596 1375 1638 solacium
1403 1609 1669 1650 supernum,
1698 1602 1741 1637 et

205 1663 335 1718 quasi
360 1664 405 1703 in
431 1677 609 1718 organo
627 1664 832 1705 ascendit
859 1665 904 1704 in
928 1665 1071 1705 altum
1097 1664 1391 1718 concupitum
1417 1663 1738 1706 clarificantem

205 1730 519 1785 contemplari.
603 1730 693 1786 Qui
734 1731 857 1786 quod
894 1732 951 1773 ab
989 1731 1092 1773 aliis
1131 1731 1322 1773 infertur
1357 1731 1416 1772 ad
1453 1731 1656 1772 dolorem
1692 1730 1737 1771 in

205 1799 400 1853 gloriam
433 1799 577 1851 uertit,
611 1806 658 1841 ut
687 1799 775 1839 iarn
807 1799 1150 1854 quodammodo
1180 1799 1225 1839 in
1254 1798 1408 1839 anima
1441 1797 1740 1853 impassibilis

206 1866 426 1915 uideatur,
459 1866 536 1921 qui
570 1880 652 1907 nec
679 1867 837 1909 mortis
869 1874 991 1909 metu
1021 1866 1192 1908 turbari
1220 1867 1417 1920 poterit‚1
1450 1879 1532 1907 nec
1560 1879 1587 1906 a
1616 1872 1738 1905 tran-

204 1933 426 1988 quillitate
449 1934 507 1974 ad
530 1934 933 1988 intemperanciam
955 1934 1207 1989 aliquando
1225 1934 1454 1975 titubabit.
1505 1933 1740 1974 Excitatus

205 2001 326 2041 enim
354 2001 398 2041 in
424 2015 578 2042 amore
602 2002 791 2044 assiduo
814 2009 856 2043 et
877 2002 922 2042 in
947 2001 1231 2057 cogitacione
1254 2014 1341 2056 que
1364 2008 1431 2042 est
1452 2001 1669 2042 continua
1693 1999 1739 2040 in

206 2068 342 2110 Ihesu
384 2069 475 2110 cito
512 2069 821 2123 deprehendet
863 2069 1068 2111 defectus
1106 2082 1228 2117 suos,
1270 2076 1312 2109 et
1349 2082 1467 2123 quos
1503 2068 1739 2122 corrigens

204 2136 420 2190 deinceps
459 2144 586 2178 cauet
626 2137 683 2178 ab
724 2137 908 2185 eisdem,
948 2143 990 2177 et
1029 2136 1094 2178 sic
1131 2136 1246 2191 gerit
1290 2135 1514 2177 iusticiam
1558 2135 1738 2190 iugiter,

204 2203 349 2244 donec
375 2204 434 2244 ad
466 2204 615 2245 Deum
644 2205 906 2253 deducatur,
935 2211 977 2245 et
1001 2204 1155 2246 sedeat
1176 2217 1279 2245 cum
1307 2203 1528 2258 celigenis
1557 2203 1601 2244 in
1631 2202 1738 2244 sede

203 2271 498 2324 sempiterna.
563 2271 854 2326 Quapropter
881 2273 1030 2314 clarus
1061 2272 1269 2314 consistit
1303 2272 1348 2311 in
1381 2271 1666 2313 consciencia
1696 2277 1739 2311 et

205 2346 421 2380 constans
467 2346 533 2380 est
582 2339 626 2379 in
673 2340 891 2381 omnibus
935 2340 1024 2382 uiis
1071 2339 1206 2381 bonis
1254 2339 1332 2394 qui
1382 2352 1619 2393 nunquam
1660 2344 1739 2379 aut

205 2406 396 2447 seculari
422 2406 610 2447 tristicia
633 2406 827 2448 afficitur
851 2414 928 2449 aut
951 2406 1076 2447 inani
1096 2406 1243 2461 gloria
1268 2407 1442 2448 letatur.
1505 2404 1739 2447 Obstinati

203 2480 355 2515 autem
411 2473 455 2513 in
510 2473 727 2527 operibus
779 2474 1030 2516 immundis
1082 2487 1173 2514 non
1226 2480 1513 2528 cognoscunt
1566 2472 1738 2515 Christi

204 2554 420 2588 amorem,
448 2541 555 2596 quia
583 2541 716 2596 igniti
744 2550 851 2583 sunt
877 2540 1253 2594 concupiscencia
1278 2539 1448 2582 carnali
1471 2547 1514 2581 et
1538 2539 1738 2581 debitam

205 2608 504 2650 deuocionem
532 2608 631 2649 Deo
652 2622 742 2649 non
766 2608 981 2650 exhibent
1006 2614 1190 2662 propter
1214 2608 1440 2649 sarcinam
1466 2607 1738 2649 diuiciarum

207 2689 296 2731 qua
322 2676 380 2717 ad
406 2683 569 2717 terram
596 2676 930 2729 deprimuntur.
996 2675 1141 2716 Porro
1164 2688 1256 2716 non
1286 2675 1655 2729 predestinantur
1680 2673 1739 2714 ad

265 2755 293 2786 1.
321 2755 368 2797 (9)
385 2753 494 2786 omits
512 2752 606 2795 “qui
621 2752 901 2795 nec—poterit.”
