1881 2985
183 218 251 253 234
527 206 813 244 SPIRITUAL
848 206 961 240 AND
997 204 1199 241 BODILY
1233 204 1377 240 SONG

185 325 374 366 interius
405 324 596 365 omnino
626 336 717 364 non
746 328 1066 377 cognouerunt
1098 321 1395 362 consentire.1
1476 321 1714 374 [Sustinui

183 406 296 447 ergo
314 405 394 433 eos
413 391 551 446 loqui,
572 398 614 431 et
633 390 717 431 feci
739 389 862 445 quod
883 388 1143 430 faciendum
1161 396 1255 429 erat
1274 389 1526 430 secundum
1545 396 1713 432 statum

185 460 231 500 in
265 473 401 514 quem
436 472 507 499 me
540 458 771 499 Dominus
804 455 1116 497 transferebat.
1210 455 1411 497 Proinde
1445 457 1711 510 propalabo,

185 527 379 582 gloriam
394 525 566 567 Christi
587 524 917 579 regracians‚ut
939 536 1030 564 non
1049 523 1251 577 amplius
1269 524 1315 564 in
1332 524 1436 566 aliis
1450 524 1715 566 huiusmodi

184 593 249 634 sic
286 593 529 640 insaniant,
568 606 649 634 nec
683 592 889 634 assideos
924 592 1141 646 deinceps
1178 599 1344 633 temere
1382 593 1580 634 iudicare
1615 606 1714 648 pre-

184 665 392 707 sumant;
423 658 530 712 quia
559 671 649 698 non
677 664 743 699 est
771 670 826 697 ex
853 656 1152 697 simulacione
1174 664 1252 696 aut
1279 656 1566 712 imaginariis
1592 657 1715 713 quod

178 724 261 765 feci
290 724 682 777 suscepcionibus,
717 731 765 764 ut
794 724 980 778 quidam
1015 723 1069 764 de
1098 736 1169 764 me
1204 724 1640 776 interpretabantur3
1673 730 1715 764 et

185 793 354 848 quibus
389 792 518 833 multi
553 792 845 839 seducuntur,
880 792 957 846 qui
991 805 1038 832 se
1071 791 1328 845 suscepisse
1360 791 1577 844 suspicati
1609 797 1716 833 sunt

186 860 309 914 quod
344 872 581 914 nunquam
612 866 928 912 susceperunt.
992 858 1083 900 Sed
1116 859 1161 899 in
1196 859 1383 900 ueritate
1411 859 1536 900 uenit
1568 859 1613 899 in
1645 871 1717 899 me

186 926 417 967 inuisibile
435 926 671 981 gaudium,
692 933 734 966 et
754 926 930 966 realiter
950 926 1066 966 intra
1087 939 1158 967 me
1179 926 1385 967 concalui
1406 927 1514 981 igne
1533 926 1715 975 amoris,

185 990 263 1044 qui
290 989 447 1044 utique
471 990 528 1030 ab
558 990 655 1031 istis
684 990 978 1031 inferioribus
1005 990 1139 1032 rebus
1165 992 1416 1045 assumpsit
1444 1005 1519 1032 cor
1545 1004 1712 1042 meum,

176 1063 225 1097 ut
247 1056 447 1097 iubilans
468 1057 513 1097 in
536 1056 672 1098 Ihesu
697 1058 834 1112 longe
852 1058 909 1099 ab
934 1057 1143 1098 interiore
1161 1058 1369 1098 armonia
1390 1059 1435 1098 in
1456 1059 1715 1100 interiorem

183 1125 428 1166 euolarem.
494 1124 705 1179 Cumque
734 1126 1153 1167 contaminaciones
1180 1126 1370 1177 odirem‚
1402 1134 1444 1166 et
1473 1126 1716 1167 uerborum

185 1192 410 1233 uanitates
439 1206 720 1240 euacuarem,
750 1193 920 1234 cibaria
949 1206 1131 1247 quoque
1160 1193 1390 1247 superflue
1420 1207 1511 1234 non
1539 1206 1717 1235 sumere

185 1272 268 1300 nec
306 1259 546 1300 indiscrete
581 1266 831 1312 temperare
871 1274 941 1301 me
978 1260 1222 1301 contendi:
1269 1261 1484 1315 quamuis
1534 1261 1719 1302 dicebar

186 1326 403 1367 domibus
429 1326 625 1367 diuitum
661 1327 858 1377 deditus,
898 1336 946 1367 ut
982 1328 1097 1368 bene
1128 1341 1348 1381 pascerer,
1383 1336 1425 1369 et
1461 1329 1506 1369 in
1543 1328 1718 1370 deliciis

185 1393 446 1434 delectarer.
510 1393 602 1436 Sed
632 1402 797 1449 agente
832 1395 932 1435 Deo
965 1395 1104 1435 habui
1136 1396 1342 1436 animum
1374 1396 1504 1436 aliter
1534 1396 1717 1437 ordina-

185 1468 281 1502 tum
309 1468 357 1501 ut
384 1474 583 1514 superna
613 1461 764 1516 magis
792 1475 998 1515 saperem
1027 1475 1164 1516 quam
1194 1461 1466 1503 suauitatem
1497 1462 1717 1510 ciborum,

184 1534 227 1568 et
252 1528 415 1569 exinde
437 1528 649 1583 equidem
677 1529 895 1583 quoniam
922 1529 1217 1570 solitudinem
1242 1542 1395 1570 amare
1422 1542 1514 1570 non
1540 1528 1717 1571 cessaui

184 1602 310 1636 extra
339 1595 549 1637 homines
575 1596 734 1637 saltem
765 1597 955 1637 existere
982 1596 1115 1651 elegi,
1146 1597 1233 1637 nisi
1264 1596 1540 1651 cogentibus
1567 1595 1717 1637 carnis

185 1662 467 1713 necessariis,
494 1663 751 1704 successiue
773 1663 993 1704 solacium
1011 1664 1164 1717 accepi
1187 1677 1241 1704 ex
1263 1664 1364 1717 ipso
1387 1677 1521 1717 quern
1545 1662 1713 1704 amaui.

243 1727 365 1783 Quia
385 1729 601 1770 nimirum
623 1743 713 1770 non
737 1738 803 1771 est
822 1730 1178 1771 autumandum2
1197 1731 1320 1786 quod
1341 1731 1508 1785 aliquis
1528 1732 1573 1771 in
1594 1731 1717 1786 prin-

185 1796 306 1850 cipio
364 1810 444 1838 sue
502 1798 820 1839 conuersionis
879 1798 1232 1851 contemplatiue
1289 1798 1380 1839 uite
1441 1797 1717 1839 conscendat

184 1864 386 1905 culmina
421 1873 499 1906 aut
535 1865 825 1906 dulcedinem
857 1866 954 1906 eius
991 1865 1257 1919 presenciat‚
1304 1865 1491 1920 quando
1539 1872 1717 1907 constat

184 1931 307 1986 quod
336 1932 667 1985 contemplacio
693 1933 836 1973 multo
862 1940 1065 1986 tempore
1092 1941 1133 1974 et
1157 1934 1307 1987 magis
1335 1933 1488 1974 labore
1513 1932 1715 1987 adquiri-

185 2005 258 2039 tur
309 2012 401 2039 non
452 1999 604 2040 statim
655 1999 841 2041 cuilibet
885 2000 1057 2053 passim
1104 2001 1249 2048 datur,
1287 2001 1369 2041 etsi
1405 2013 1509 2040 cum
1546 1998 1716 2040 effabili

185 2065 332 2106 leticia
350 2066 624 2120 possidetur.
690 2066 796 2107 Non
819 2068 940 2107 enim
963 2067 1008 2106 in
1032 2067 1234 2108 humana
1257 2074 1478 2122 potestate
1501 2074 1568 2108 est
1592 2066 1715 2107 illam

181 2133 401 2187 accipere,
430 2147 512 2175 nec
540 2147 648 2175 uero
675 2134 803 2175 labor
829 2134 1023 2175 alicuius
1052 2142 1474 2189 quantumcumque
1501 2142 1717 2175 extensus

185 2201 332 2254 ipsam
363 2209 588 2242 meretur:
625 2202 704 2242 sed
734 2215 761 2242 a
787 2202 989 2243 bonitate
1019 2202 1232 2243 tribuitur
1267 2202 1352 2243 Dei
1385 2215 1489 2243 uere
1521 2202 1715 2256 diligen-

183 2266 307 2308 tibus
345 2268 423 2322 qui
461 2268 617 2323 utique
655 2283 795 2322 supra
827 2269 1067 2310 hominum
1106 2270 1446 2311 estimacionem
1479 2270 1714 2311 Christum

176 2347 329 2375 amare
360 2335 753 2378 desiderauerunt.
828 2337 965 2378 Unde
997 2336 1201 2391 plerique
1236 2344 1338 2391 post
1369 2335 1721 2394 penitenciam]¹

183 2402 448 2444 exciderunt
467 2404 523 2445 ab
549 2405 828 2456 innocencia,
852 2406 1013 2447 iterum
1036 2406 1290 2447 dilabentes
1309 2407 1367 2447 ad
1387 2407 1551 2455 ocium,
1575 2407 1717 2447 immo

244 2510 272 2539 l.
297 2508 403 2539 Short
438 2510 535 2539 texts
553 2508 627 2538 :m“
644 2507 852 2539 consentire.
916 2508 1077 2540 Sustinui
1112 2518 1193 2549 ergo
1223 2519 1280 2540 eos
1315 2507 1411 2549 loqui
1445 2510 1481 2539 et
1518 2506 1586 2538 feci
1622 2505 1714 2547 quod

178 2551 380 2583 faciendum
399 2554 489 2592 erat,
512 2551 703 2582 secundum
726 2554 857 2583 statum
876 2551 912 2583 in
934 2562 1035 2593 quem
1055 2551 1228 2583 Dominus
1246 2562 1301 2583 me
1323 2550 1574 2583 transferebat.
1624 2550 1717 2581 Item

177 2596 277 2628 uenit
298 2595 335 2626 in
361 2606 417 2626 me
444 2594 623 2626 inuisibile
651 2595 819 2638 gaudium
846 2599 884 2627 et
909 2595 1053 2626 realiter
1079 2595 1176 2626 intra
1202 2605 1257 2626 me
1279 2594 1437 2626 concalui
1466 2594 1546 2635 igne
1575 2593 1714 2632 amoris,

178 2638 238 2679 qui
272 2638 394 2679 utique
427 2638 470 2670 ab
498 2639 577 2670 istis
610 2638 840 2670 inferioribus
875 2639 979 2671 rebus
1012 2638 1201 2679 assumpsit
1231 2648 1291 2669 cor
1323 2649 1451 2679 meum,
1487 2640 1527 2669 ut
1563 2636 1715 2668 iubilans

176 2682 214 2714 in
233 2682 342 2714 Ihesu
364 2682 467 2724 longe
487 2685 530 2713 ab
554 2682 722 2713 exteriori
747 2682 903 2714 armonia
927 2682 963 2713 in
985 2682 1188 2714 interiorem
1209 2681 1395 2714 euolarem.
1445 2681 1538 2713 Item
1558 2680 1717 2722 plerique

176 2728 257 2766 post
275 2725 510 2767 penitenciam
532 2725 753 2767 exciderunt,
776 2726 879 2765 etc.,'’
901 2736 933 2767 p.
951 2728 1025 2759 234.

237 2771 266 2800 2.
296 2771 342 2811 (α)
371 2769 675 2801 “estimandum.⁷'
