1757 2990
99 174 141 200 12
494 163 816 200 CAMBRIDGE
857 162 1236 198 MANUSCRIPTS

99 277 127 314 f.
150 279 228 313 161.
299 306 306 312 .
337 305 344 312 .
376 305 383 312 .
415 305 422 312 .
450 278 629 313 fruentes
657 277 746 313 sine
773 277 865 312 fine.
918 278 1062 311 Amen.

342 335 491 381 Incipit
511 338 707 371 tractatus
729 333 973 369 uenerabilis
996 332 1171 379 Rycardi
1191 332 1385 368 heremite
1406 332 1455 368 de
1477 331 1633 379 ampul-

294 392 346 428 lis
378 392 428 428 de
462 392 569 427 iuste
603 391 819 427 iudicando
853 394 892 426 et
926 393 1031 425 recte
1065 389 1341 425 discernendo.
1392 389 1534 434 Judica
1567 399 1633 424 me

295 450 408 493 deus,
437 452 510 484 etc.
563 451 597 483 A
627 449 701 484 deo
728 448 798 494 qui
826 450 1031 483 scrutatur
1058 473 1065 480 .
1097 473 1104 480 .
1135 473 1143 480 .
1174 473 1181 480 .

101 507 117 542 f
151 508 256 552 1691).
294 507 485 553 Cupienti
515 506 616 541 mihi
646 534 653 540 .
685 534 692 540 .
723 534 730 540 .
763 534 769 540 .
798 504 966 550 rapieris
996 503 1180 539 iubilare.

100 563 128 600 f.
151 575 229 610 170.
297 566 357 600 De
381 564 502 599 modo
528 563 719 599 audiendi
746 562 1051 598 confessionem.
1104 561 1199 596 Istis
1227 561 1308 596 iam
1334 560 1454 596 dictis
1484 588 1491 595 .
1523 587 1530 595 .
1561 587 1569 594 .
1600 586 1609 594 .

102 621 130 658 f.
153 632 231 667 173.
298 624 359 657 De
380 622 499 657 modo
522 620 754 666 inquirendi
777 620 826 655 de
848 619 939 654 fide.
992 617 1147 653 Deinde
1170 621 1282 664 petat
1303 617 1487 653 sacerdos
1514 645 1521 652 .
1551 645 1558 651 .
1586 644 1594 651 .
1625 644 1632 651 .

99 679 127 715 f.
150 680 228 724 176.
295 679 505 722 Quomodo
524 678 751 724 penitencia
770 677 825 711 sit
842 675 1108 720 iniungenda.
1151 675 1304 710 Audita
1323 674 1573 709 confessione
1595 700 1602 708 .
1627 700 1634 707 .

101 736 129 772 f.
152 736 257 781 178b.
296 764 303 771 .
335 764 342 771 .
374 767 375 770 ,
412 764 419 771 .
447 736 594 771 debent
613 734 736 770 mitti.
788 733 972 779 Explicit
989 735 1185 768 tractatus
1207 733 1330 768 S—
1353 730 1633 777 (unfinished).

543 816 815 858 Emmanuel
847 814 951 856 MS.
981 814 1101 866 351:
1113 814 1184 868 (j).

93 892 210 934 This
241 893 488 946 important
521 890 803 943 manuscript
835 889 919 930 has
946 889 1060 930 been
1093 887 1305 928 followed
1338 887 1383 927 in
1414 885 1489 927 the
1518 890 1625 925 text.

215 961 299 1002 Dr.
319 959 514 1015 James's
535 958 790 1013 Catalogue
811 972 820 998 :
855 957 883 973 “
901 956 1064 1010 Paper,
1083 954 1204 1010 8{in.
1227 956 1289 1010 by
1310 952 1447 1009 5{in.,
1468 952 1516 994 ff.
1540 961 1635 1004 237,

212 1041 268 1080 30
302 1028 419 1070 lines
453 1035 500 1069 to
529 1040 555 1067 a
584 1039 718 1081 page.
797 1025 871 1067 On
910 1024 941 1065 f.
987 1037 1000 1064 1
1046 1023 1159 1066 Geo.
1201 1023 1469 1075 Davenport
1511 1020 1632 1073 1692.

216 1095 316 1137 Has
347 1094 543 1137 suffered
574 1094 690 1134 from
717 1090 911 1146 damp.”
974 1091 1074 1132 The
1103 1091 1216 1147 long
1247 1089 1475 1144 marginal
1508 1095 1636 1130 notes

210 1163 341 1204 made
372 1164 434 1218 by
460 1161 580 1217 John
615 1161 807 1202 Newton
837 1160 929 1214 (see
960 1173 1040 1214 pp.
1081 1171 1144 1211 14,
1187 1157 1270 1211 15),
1303 1155 1631 1198 unmentioned

213 1233 275 1286 by
313 1231 394 1272 Dr.
431 1231 596 1286 James,
631 1230 734 1271 date
762 1228 838 1269 the
869 1227 1152 1281 manuscript
1186 1240 1236 1268 as
1270 1226 1446 1267 written
1482 1223 1636 1266 before

214 1299 285 1341 his
312 1298 461 1346 death,
487 1298 532 1339 in
561 1310 684 1350 1414.

103 1369 119 1405 f
154 1380 185 1404 1.
299 1368 490 1414 Syllabus
520 1368 760 1405 Librorum:

346 1426 488 1462 Oleum
515 1426 687 1460 effusum
714 1435 862 1460 nomen
885 1428 1003 1460 tuum
1029 1434 1101 1470 per
1125 1423 1373 1458 Richardum
1397 1421 1611 1468 Hampole.

345 1484 547 1530 Hampole
573 1494 696 1529 super
722 1483 799 1517 xlii
829 1482 1046 1528 psalmum.

346 1541 546 1587 Hampole
576 1541 623 1576 de
652 1540 785 1576 actiua
814 1540 901 1575 uita
929 1543 970 1575 et
998 1537 1328 1585 contemplatiua.

347 1600 548 1645 Hampole
574 1599 623 1634 de
652 1609 772 1633 causa
801 1597 1069 1633 hereticorum
1097 1599 1137 1632 et
1166 1596 1246 1631 fide
1273 1593 1471 1631 trinitatis
1505 1596 1638 1639 (3171-

435 1657 635 1699 cendium,
664 1656 830 1701 chapter
857 1655 909 1701 6).

346 1714 566 1760 Exposicio
604 1713 803 1749 oracionis
843 1712 1044 1748 dominice
1082 1711 1305 1746 secundum
1346 1711 1394 1745 R.
1437 1707 1639 1755 Hampole

430 1772 682 1807 heremitam.

348 1830 467 1867 Liber
510 1829 579 1875 qui
623 1832 792 1864 uocatur
833 1826 1071 1863 Incendium
1115 1824 1277 1861 Amoris
1321 1823 1543 1860 secundum
1588 1823 1636 1857 R.

434 1887 646 1932 Hampole.

349 1945 607 1990 Augustinus
632 1944 681 1979 de
705 1954 800 1978 uera
825 1943 925 1978 uita.

347 2002 634 2037 Meditaciones
659 2001 852 2046 imaginis
875 2000 959 2035 uite
983 1998 1206 2034 secundum
1231 1998 1570 2031 Bonauenturam.

349 2060 469 2097 Liber
497 2059 612 2094 cuius
643 2059 811 2093 inicium
841 2057 1106 2092 desideratur.

350 2117 550 2163 Hampole
576 2117 620 2151 in
646 2116 750 2151 libro
775 2115 845 2161 qui
872 2117 1040 2150 uocatus
1065 2112 1217 2148 melum
1243 2111 1405 2147 amoris.

108 2174 133 2211 f.
158 2186 190 2211 2.
308 2174 509 2219 (Without
552 2174 724 2220 incipit.)
780 2174 924 2208 Oleum
967 2174 1143 2218 effusum
1186 2180 1333 2205 nomen
1377 2172 1508 2209 tuum,
1552 2167 1640 2203 ideo

302 2232 596 2267 adolescentule
625 2232 855 2267 dilexerunt
881 2235 917 2267 te
945 2230 1081 2264 nimis.
1133 2229 1290 2262 Nomen
1316 2225 1437 2260 Ihesu
1461 2223 1576 2259 uenit
1600 2222 1644 2257 in

302 2289 515 2332 mundum,
561 2292 601 2324 et
644 2288 783 2324 statim
829 2288 1019 2323 adoratur
1061 2285 1197 2321 oleum
1241 2283 1429 2319 effusum.
1497 2281 1642 2317 Oleum

304 2346 463 2392 capitur
490 2346 585 2392 quia
612 2350 747 2381 eterna
776 2345 954 2380 saluacio
981 2346 1178 2390 speratur.
1230 2342 1374 2377 Ihesus
1398 2350 1508 2382 uero,
1537 2336 1642 2374 scili-

303 2407 366 2439 cet
392 2403 571 2438 saluator
597 2406 659 2438 est
685 2402 876 2438 salutaris
906 2429 912 2436 .
945 2429 952 2436 .
1022 2428 1029 2435 .

109 2461 137 2497 f.
158 2462 218 2506 3b.
301 2489 307 2495 .
339 2489 346 2495 .
378 2488 384 2494 .
417 2488 423 2495 .
452 2463 605 2506 quanto
634 2460 679 2495 in
709 2471 844 2495 amore
872 2459 961 2495 eius
993 2457 1172 2504 perfecti,
1204 2458 1319 2491 tanto
1348 2464 1496 2489 nomen
1527 2452 1645 2487 ihesu

305 2518 405 2552 mihi
438 2518 598 2553 dulcius
631 2520 670 2552 et
703 2517 871 2552 suauius
905 2516 1102 2562 sapiebat,
1136 2517 1175 2549 et
1207 2513 1334 2548 eciam
1365 2521 1494 2556 usque
1526 2508 1645 2544 hodie

304 2587 385 2610 non
417 2575 564 2610 recedit
595 2586 616 2609 a
648 2585 738 2609 me:
777 2585 873 2619 ergo
903 2574 957 2608 sit
989 2583 1136 2608 nornen
1168 2571 1283 2606 ihesu
1315 2568 1572 2604 benedictum
1601 2566 1647 2600 in

302 2633 435 2668 secula
464 2632 703 2667 seculorum.
756 2634 899 2666 Amen.
956 2632 1028 2675 (As
1057 2628 1218 2675 printed
1246 2628 1290 2663 in
1320 2626 1510 2671 Cologne,
1542 2623 1645 2668 1536,

307 2689 459 2726 edition
489 2690 530 2724 of
557 2689 709 2724 Rolle's
740 2689 886 2732 works‚
918 2688 944 2723 f.
976 2687 1121 2732 cxliii.)

173 2767 199 2799 l.
226 2764 295 2798 Old
313 2764 523 2807 Catalogue,
543 2764 622 2797 MS.
640 2766 673 2803 2,
694 2767 747 2797 14.
