1881 2985
599 185 634 218 A
666 184 771 218 CRY
801 182 951 217 FROM
983 181 1130 215 AFAR
1162 181 1263 215 OFF
1628 190 1692 224 243

171 300 319 341 Deum
363 299 588 341 feruentes
642 299 857 353 diligunt,
917 304 959 338 et
1015 297 1059 336 in
1103 295 1503 349 contemplatiuam
1547 297 1687 337 uitam

168 366 387 407 exierunt.
452 366 543 408 Sed
566 366 653 419 ipsi
674 365 860 419 insipidi
880 364 1029 406 celesti
1050 363 1281 416 sapiencia
1298 376 1389 403 non
1411 363 1587 413 imbuti,
1609 363 1689 405 sed

166 433 362 475 sciencia
383 434 612 488 adquisita
634 432 790 480 inflati,
816 432 931 472 male
955 431 1011 472 de
1034 430 1198 484 seipsis
1221 430 1445 479 senciunt,
1471 436 1512 470 et
1538 429 1688 469 Deum

166 500 317 541 adhuc
339 514 440 542 cum
460 514 613 541 amore
634 507 783 540 tenere
806 498 1076 540 nescierunt.

224 566 349 607 Hinc
371 566 517 608 clamo
537 574 578 607 et
598 566 759 607 affectu
782 565 1039 618 suspiciens
1056 565 1142 613 aio,
1162 563 1356 606 Saluum
1373 577 1443 604 me
1465 562 1537 615 fac
1561 563 1690 603 Deus

159 632 376 687 quoniam
400 633 560 685 dejecit
579 632 799 674 sanctus}
854 631 1083 672 Deficiunt
1105 629 1375 687 ympnidici‚
1397 629 1531 671 silent
1552 642 1688 670 uoces

165 699 456 752 canencium;
478 713 568 740 non
590 706 777 752 apparet
797 699 932 739 ardor
951 705 1210 739 sanctorum
1231 705 1498 738 amatorum.
1533 696 1688 737 Unus-

166 763 360 818 quisque
394 764 590 805 declinat
625 765 670 804 in
698 765 820 805 uiam
849 777 978 805 suam
1011 763 1201 813 malam3
1237 762 1439 804 dolorem
1474 776 1607 816 quem
1643 761 1687 801 in

164 833 299 874 corde
331 833 552 886 concepit,
588 833 632 872 in
667 832 874 874 effectum
910 832 1157 886 producere
1188 845 1279 872 non
1313 830 1503 872 desistit.
1568 828 1688 870 Con-

165 906 353 940 sumunt
375 899 419 939 in
444 899 642 940 uanitate
663 899 760 940 dies
782 913 951 946 eorum,
971 906 1012 939 et
1032 912 1179 940 annos
1200 912 1355 939 eorum
1379 912 1480 939 cum
1504 897 1687 938 festina-

166 965 309 1006 cione.
406 965 509 1006 Heu
546 966 755 1006 iuuenem
785 965 920 1007 simul
953 978 1005 1005 ac
1038 965 1265 1019 uirginem
1298 964 1551 1012 lactantem,
1583 977 1687 1005 cum

160 1030 345 1072 homine
413 1045 519 1072 sene
580 1031 702 1085 ignis
754 1031 1124 1084 concupiscencie
1193 1030 1470 1072 deuorauit.2
1564 1030 1681 1071 Mihi

163 1106 331 1149 autem,
374 1098 416 1140 O
451 1099 569 1140 bone
609 1099 758 1149 Ihesu‚
794 1100 875 1140 tibi
912 1099 1127 1140 adherere
1163 1099 1335 1140 bonum
1373 1105 1463 1147 est3
1503 1097 1609 1152 quia
1642 1096 1686 1136 in

166 1165 369 1217 ipsorum
403 1165 593 1206 consilia
630 1179 719 1205 non
757 1166 907 1205 ueniet
934 1165 1087 1205 anima
1117 1178 1228 1213 mea,
1260 1164 1340 1205 sed
1375 1164 1455 1204 tibi
1490 1163 1688 1205 solitarie

164 1230 329 1271 sedens
346 1229 617 1283 iubilabo‚3]
629 1230 706 1285 qui
725 1230 948 1272 dulcescis
967 1230 1076 1270 dum
1096 1229 1308 1276 laudaris,
1326 1229 1455 1281 [utte
1475 1228 1688 1270 continue

166 1296 361 1344 laudare,
394 1311 484 1338 non
515 1299 572 1339 sit
603 1298 781 1345 durum,
812 1298 890 1339 sed
923 1298 1221 1338 dulcifluum:
1260 1311 1349 1338 non
1377 1311 1582 1338 amarum
1608 1296 1688 1337 sed

162 1377 377 1404 amenum
410 1364 654 1418 plusquam
687 1365 902 1406 omnibus
932 1365 1105 1406 deliciis
1132 1364 1445 1417 corporalibus
1475 1377 1527 1405 ac
1558 1376 1687 1404 mun-

164 1431 296 1472 danis
318 1431 563 1472 abundare.
628 1431 905 1472 Delectabile
929 1432 1111 1486 quidem
1133 1439 1174 1472 et
1196 1431 1493 1473 desiderabile
1515 1439 1581 1472 est
1598 1429 1688 1472 tuis

164 1497 377 1538 laudibus
406 1498 623 1545 insistere,
655 1498 761 1552 quia
793 1511 927 1539 omne
959 1498 1081 1552 quod
1113 1505 1241 1539 tanto
1268 1511 1422 1539 amore
1452 1497 1686 1539 conditum

163 1564 328 1614 existit,
355 1564 471 1605 miro
494 1564 708 1605 nimirum
730 1565 902 1619 fragrat
923 1578 1100 1618 sapore.

221 1630 412 1671 Amator
438 1631 589 1685 itaque
611 1638 796 1672 estuans
823 1633 867 1672 in
896 1632 1020 1686 ipsos
1047 1632 1337 1685 incorporeos
1362 1632 1616 1682 amplexus,
1646 1638 1688 1672 et

163 1697 296 1738 oculo
316 1697 606 1739 intellectuali
627 1705 827 1738 amatum
850 1712 983 1739 suum
1006 1699 1183 1747 intueri,
1206 1698 1435 1753 (purgatis
1451 1697 1688 1752 spurciciis

162 1773 205 1805 et
225 1765 602 1806 euanescentibus
622 1766 987 1820 cogitacionibus
1004 1766 1233 1816 omnibus,
1247 1780 1334 1820 que
1356 1779 1446 1807 non
1468 1766 1525 1807 ad
1544 1779 1686 1807 unum

161 1830 386 1883 tendunt),
412 1831 663 1872 anhelans:
698 1832 831 1873 habet
859 1833 1015 1887 utique
1040 1833 1282 1874 clamorem
1305 1834 1363 1874 ad
1391 1833 1685 1875 Conditorem

163 1909 310 1944 suurn,
343 1910 396 1937 ex
435 1897 607 1938 intimis
640 1898 852 1940 medullis
885 1899 1054 1940 amoris
1092 1899 1326 1941 affectuosi
1363 1901 1606 1940 excitatum
1645 1905 1686 1939 et

163 1970 488 2016 erumpentem,
525 1965 654 2018 quasi
691 1979 717 2005 a
748 1966 885 2019 longe
919 1965 1147 2007 clamaret.
1225 1966 1399 2008 Uocem
1437 1967 1583 2007 eleuat
1620 1966 1686 2006 in-
1707 1970 1730 2002 f.
1752 1973 1794 2003 48

163 2029 384 2077 teriorem,
408 2044 494 2084 que
516 2044 605 2071 non
629 2031 715 2072 nisi
739 2032 783 2071 in
805 2039 985 2073 amante
1005 2033 1339 2084 ardentissimo,
1366 2033 1433 2087 (ut
1454 2034 1499 2073 in
1522 2033 1596 2074 uia
1617 2032 1688 2074 fas

164 2096 246 2147 est)
282 2096 528 2138 inuenitur.
591 2097 682 2140 Hic
719 2099 879 2140 deficio
910 2113 988 2154 pre
1028 2100 1296 2153 insipiencia
1334 2109 1375 2141 et
1412 2100 1686 2141 hebetudine

165 2161 369 2215 ingenii:
407 2164 512 2218 quia
546 2178 635 2205 non
668 2165 844 2206 sufficio
873 2166 995 2207 hunc
1027 2167 1269 2208 clamorem
1301 2167 1567 2218 describere,
1605 2181 1687 2208 nec

163 2229 305 2270 eciam
340 2237 537 2284 quantus
570 2232 626 2273 sit
661 2233 732 2273 uel
767 2234 896 2287 quasi
928 2234 1151 2276 iocundus
1184 2235 1396 2289 cogitare,
1430 2236 1607 2285 sentire,
1644 2241 1685 2275 et

164 2294 319 2336 efferre
339 2310 423 2349 pro
437 2297 622 2338 modulo
643 2312 742 2339 meo
761 2300 903 2354 potui.
968 2300 1059 2341 Sed
1080 2301 1212 2342 uobis
1231 2315 1437 2342 enarrare
1458 2315 1538 2342 nec
1558 2301 1684 2355 potui

159 2373 239 2401 nec
262 2370 433 2414 potero,
459 2363 565 2417 quia
591 2364 740 2417 ipsum
763 2379 947 2407 sensum
975 2380 1125 2407 meum
1146 2380 1359 2420 superare
1387 2381 1475 2408 non
1503 2369 1680 2422 ignoro,

166 2426 253 2466 nisi
274 2426 388 2468 forte
406 2428 552 2470 dicere
572 2431 706 2472 uelim
727 2433 849 2486 quod
871 2434 1039 2475 clamor
1058 2435 1139 2476 iste
1159 2449 1296 2477 canor
1312 2443 1392 2477 est.

223 2491 339 2546 Quis
359 2507 470 2548 ergo
486 2496 596 2536 mihi
618 2498 925 2540 modularetur
942 2501 1143 2541 carmina
1164 2509 1378 2544 cantuum
1400 2516 1618 2553 meorum,
1642 2511 1683 2543 et

163 2559 334 2613 gaudia
355 2559 598 2603 affectuum
622 2577 724 2605 cum
747 2566 989 2608 ardoribus
1011 2568 1191 2617 amoris,
1216 2577 1257 2610 et
1279 2583 1485 2611 amorose
1508 2570 1683 2611 adoles-

223 2659 249 2688 1.
278 2658 408 2692 Psalm.
433 2664 484 2702 11,
504 2663 533 2692 2.
597 2663 627 2694 2.
654 2663 700 2695 cf.
718 2663 821 2698 Deut.
839 2667 891 2703 32,
910 2667 963 2701 25,
981 2667 1053 2699 and
1069 2667 1203 2702 Psalm.
1221 2669 1274 2709 77,
1293 2671 1342 2703 33.

220 2702 250 2734 3.
278 2702 383 2735 Short
406 2705 527 2736 texts:
557 2705 575 2718 “
592 2704 683 2737 Item
708 2706 878 2739 dulcescis
904 2708 986 2740 dum
1009 2709 1200 2743 lauda-ris.’'
