1881 2985
577 179 720 216 LovE
762 178 947 215 NEVER
986 177 1225 214 FAILETH
1598 181 1663 224 267

794 325 903 367 CAP.
926 337 998 378 40.

140 430 297 485 (Quod
314 431 359 471 in
380 432 505 472 omni
526 440 726 485 temp-ore
747 439 788 472 et
811 431 856 471 in
875 431 999 471 omni
1020 437 1121 471 actu
1143 443 1270 471 amor
1293 430 1377 470 Dei
1400 429 1662 470 miscendus

253 506 333 550 est,
372 500 448 554 qui
480 513 559 541 nec
592 499 824 553 prosperis
854 498 970 540 cedit
1000 511 1080 539 nec
1112 497 1330 545 aduersis,
1363 505 1405 538 et
1436 497 1492 538 de
1518 497 1660 538 excel-

254 567 397 607 lencia
427 567 523 607 eius
553 575 593 607 et
629 566 985 619 comparacione,
1018 572 1060 606 et
1094 565 1149 605 de
1184 565 1382 607 lacrimis
1414 565 1459 605 in
1493 564 1660 605 melum

253 633 522 686 conuersis.)

198 721 468 763 Diuinitatis
505 735 632 762 amor
676 722 906 762 hominem
950 734 1084 775 quem
1127 720 1322 773 perfecte
1365 727 1581 774 penetrat,
1620 726 1662 759 et

141 789 247 843 igne
279 788 434 829 Sancti
467 789 666 842 Spiritus
697 789 913 830 ueraciter
944 788 1208 838 inflammat,
1242 788 1354 828 mira
1388 787 1662 828 iocunditate

140 855 262 897 illius
279 856 483 896 animum
505 856 562 896 ad
583 869 631 896 se
654 855 783 908 rapit,
803 862 844 896 et
862 855 919 895 ab
940 855 1110 895 amoris
1130 854 1242 894 tanti
1264 854 1483 894 memoria
1503 865 1584 893 nec
1603 852 1661 893 ad

139 929 419 964 momentum
441 935 635 975 euagare
655 921 886 975 permittit.
952 920 1087 974 Ligat
1108 927 1304 961 mentem
1322 920 1518 960 amantis
1539 925 1587 960 ut
1603 919 1661 959 ad

142 1004 261 1031 uana
284 1004 375 1030 non
399 990 566 1031 defluat
588 997 628 1030 et
652 990 696 1029 in
718 996 918 1030 amatum
943 989 1107 1042 iugiter
1130 988 1299 1029 tendat.
1355 987 1659 1042 [Possumusl

138 1069 301 1109 nempe
326 1057 363 1097 si
387 1057 480 1097 ueri
501 1064 724 1098 amatores
748 1070 907 1097 sumus
935 1057 1124 1097 Domini
1151 1057 1291 1096 nostri
1317 1056 1451 1096 Ihesu
1476 1055 1660 1102 Christi,

138 1129 180 1162 et
220 1122 370 1176 ipsum
411 1124 609 1177 cogitare
643 1123 752 1163 dum
792 1123 1027 1177 pergimus
1059 1130 1100 1163 et
1140 1129 1323 1164 cantum
1357 1123 1525 1163 amoris
1564 1122 1663 1162 eius

133 1196 283 1229 tenere
302 1189 411 1229 dum
433 1190 476 1229 in
498 1190 731 1231 consorcio
751 1189 976 1235 sedemus.
992 1196 1032 1229 et
1052 1189 1109 1230 ad
1130 1202 1333 1229 mensam
1354 1189 1451 1230 eius
1470 1201 1661 1230 memor-

139 1257 227 1297 iam
249 1257 414 1298 habere
435 1258 687 1311 poterimus
711 1258 852 1298 eciam
879 1258 923 1297 in
952 1257 1065 1310 ipsis
1090 1257 1303 1311 gustibus
1328 1257 1416 1297 cibi
1441 1264 1483 1297 et
1507 1262 1659 1310 potus.

140 1323 213 1364 Ad
243 1337 425 1364 ornnem
470 1330 620 1364 autem
667 1324 929 1364 morsellum
975 1336 1074 1363 esce
1120 1322 1191 1363 uel
1235 1323 1447 1363 haustum
1490 1320 1658 1376 poculi,

137 1391 404 1432 deberemus
434 1390 617 1431 laudare
647 1390 809 1440 Deum,
838 1397 880 1430 et
907 1391 1021 1430 inter
1048 1390 1148 1443 ipsa
1176 1390 1448 1431 cibariorum
1478 1401 1661 1441 suscep-

138 1460 321 1500 cionum
347 1466 387 1499 et
413 1459 726 1499 morsellorum
753 1458 1003 1505 interualla,
1029 1457 1091 1497 illi
1113 1457 1270 1498 laudes
1292 1470 1535 1511 personare
1558 1469 1661 1496 cum

136 1525 359 1566 suauitate
386 1524 554 1565 mellita
580 1531 621 1565 et
648 1524 832 1564 mentali
859 1524 1054 1564 clamore
1077 1538 1130 1565 ac
1156 1523 1396 1574 desiderio,
1426 1523 1483 1563 ad
1510 1523 1660 1576 ipsum

138 1592 253 1633 inter
281 1591 439 1645 epulas
469 1592 697 1632 anhelare.
764 1591 820 1631 Et
851 1592 889 1632 si
924 1592 968 1631 in
999 1591 1152 1631 labore
1180 1604 1399 1631 manuum
1427 1591 1660 1637 fuerimus,

138 1660 247 1715 quid
271 1659 481 1714 prohibet
510 1673 594 1700 nos
633 1673 708 1701 cor
747 1659 991 1701 celestibus
1031 1659 1216 1713 erigere,
1257 1665 1298 1699 et
1325 1659 1465 1699 eterni
1493 1657 1662 1698 amoris

136 1726 466 1781 cogitacionem
493 1726 820 1767 incessabiliter
839 1725 1027 1766 retinere
1043 1726 1062 1765 P
1124 1724 1292 1778 Sicque
1314 1726 1439 1765 omni
1461 1732 1662 1776 tempore

137 1794 228 1834 uite
267 1801 417 1835 nostre
449 1794 674 1834 feruentes
707 1793 875 1835 erimus
923 1806 1015 1833 non
1068 1799 1313 1846 torpentes,
1355 1805 1437 1832 nec
1487 1790 1660 1845 aliquid
1683 1796 1768 1832 f.57

138 1868 284 1915 preter
303 1875 549 1914 sompnum
571 1874 647 1901 cor
666 1867 871 1901 nostrum
892 1861 949 1901 ab
971 1873 1025 1900 eo
1047 1860 1310 1900 remouebit.

195 1927 237 1969 O
260 1934 480 1981 quantum
502 1927 723 1982 gaudium
745 1934 786 1967 et
808 1926 955 1967 leticia
974 1926 1174 1966 illabitur
1191 1926 1362 1966 amanti
1384 1925 1392 1965 1
1460 1925 1501 1967 O
1524 1938 1660 1979 quam

139 1994 246 2035 felix
266 2001 307 2034 et
328 2007 431 2034 uere
449 1993 764 2034 desiderabilis
785 1993 979 2034 dulcedo
997 1993 1198 2033 animam
1223 1993 1321 2034 eius
1345 1992 1484 2045 replet
1504 1991 1512 2031 l
1582 1990 1662 2030 Est

138 2061 258 2101 enirn
285 2074 414 2101 amor
441 2060 534 2101 uita
559 2060 657 2101 sine
685 2060 775 2101 fine
802 2073 1087 2113 permanens,
1115 2059 1192 2100 ubi
1222 2060 1267 2099 in
1296 2059 1480 2101 Christo
1507 2057 1663 2112 figitur

138 2135 180 2168 et
236 2127 467 2175 solidatur,
525 2127 708 2181 quando
780 2127 867 2167 iam
940 2127 1090 2180 ipsum
1160 2140 1360 2167 amorem
1410 2124 1661 2167 secundum

137 2208 399 2235 amorosum
419 2194 629 2235 affectum
648 2195 692 2234 in
711 2194 952 2236 celestibus
973 2194 1220 2235 radicatum
1242 2207 1323 2235 nec
1342 2206 1560 2248 prospera
1582 2205 1662 2233 nec

137 2262 329 2303 aduersa
362 2262 579 2303 ualebunt
617 2263 870 2313 immutare,
912 2262 1299 2316 quemadmodum
1336 2259 1661 2314 sapientissimi

140 2329 521 2382 conscripserunt.
611 2327 743 2369 Tunc
786 2329 999 2369 nimirum
1044 2335 1219 2369 noctem
1265 2329 1397 2369 uertit
1437 2328 1480 2367 in
1528 2326 1662 2372 diem,

139 2397 350 2438 tenebras
377 2397 423 2436 in
453 2397 610 2445 lucem,
641 2397 900 2437 molesciam
932 2397 976 2436 in
1006 2396 1265 2447 melodiam,
1296 2396 1588 2450 punicionem
1616 2393 1661 2433 in

139 2463 443 2510 amenitatem,
480 2463 771 2518 laboremque
809 2464 853 2503 in
891 2463 1212 2504 suauissimam
1251 2463 1468 2516 requiem.
1565 2460 1664 2501 Hec

142 2530 263 2570 enim
291 2529 481 2570 dileccio
506 2543 596 2570 non
624 2530 912 2584 ymaginaria
935 2537 1001 2570 est
1028 2538 1105 2570 aut
1132 2529 1356 2578 simulata,
1385 2529 1465 2570 sed
1493 2542 1600 2569 uera
1622 2534 1664 2568 et

146 2596 427 2651 perfecta‚ad
454 2595 687 2637 Christum
711 2595 1070 2649 inseparabiliter
1088 2596 1429 2645 intenta‚rnelos
1448 2605 1666 2635 resonans

202 2689 228 2717 1.
257 2685 332 2718 The
353 2685 521 2725 compiler
540 2685 577 2716 of
602 2685 664 2716 the
689 2685 786 2716 short,
812 2687 893 2716 text,
916 2685 986 2716 had
1011 2687 1048 2716 at,
1068 2685 1144 2717 this
1166 2688 1264 2726 stage
1289 2685 1428 2716 become
1454 2683 1601 2716 careless
1626 2693 1664 2715 as

133 2731 172 2761 to
189 2729 250 2761 the
268 2730 394 2760 nature
412 2729 450 2760 of
467 2728 527 2760 the
546 2738 709 2769 passages
724 2728 767 2759 he
789 2729 841 2769 (or
860 2728 933 2768 she)
956 2727 1114 2760 omitted.
