1881 2985
189 174 255 218 184
578 177 690 216 THE
731 179 914 217 HOUSE
955 180 1023 216 OF
1064 181 1333 220 SOLITUDE

183 291 242 333 sel
295 293 463 335 scilicet
490 308 570 348 per
592 296 868 338 desiderium
900 304 941 338 et
971 298 1411 352 contemplacionem
1442 308 1714 344 eternorum.

190 361 329 403 Unde
366 363 412 403 in
453 362 774 405 Ecclesiastico
807 365 956 406 Natus
991 379 1087 406 non
1123 372 1189 408 est
1226 366 1275 408 in
1309 372 1424 408 terra
1460 368 1532 410 uir
1573 369 1720 423 qualis

185 429 380 478 Emmk?
409 445 514 472 nam
542 439 584 472 et
610 433 706 485 ipse
734 432 947 486 ereptus3
977 441 1042 474 est
1071 433 1127 474 de
1155 440 1285 483 terra,
1309 434 1416 488 quia
1439 433 1717 488 contempla-

185 499 267 540 tiui
309 499 412 540 aliis
452 500 709 553 superiores
749 507 868 548 sunt,
909 507 950 540 et
995 499 1039 539 in
1082 500 1354 541 excellencia
1393 502 1545 555 operis
1585 509 1627 542 et
1671 501 1716 540 in

185 566 362 608 feruore
399 567 584 608 amoris.
662 568 806 608 Amor
838 580 1036 622 namque
1067 567 1290 608 inhabitat
1325 581 1403 609 cor
1437 568 1641 618 solitarii,
1677 567 1717 608 si

186 635 300 676 nihil
325 643 483 690 querat
504 635 610 677 uani
633 634 861 676 do·minii.4
923 636 1084 676 Feruet
1106 635 1212 676 hinc
1235 635 1444 677 funditus
1464 643 1507 677 et
1529 635 1716 689 languet

55 707 80 741 f.
102 708 165 744 74b
185 703 361 751 lumini,
395 718 500 745 cum
535 704 601 746 sic
631 704 864 745 sinceriter
898 704 1017 757 sapit
1050 703 1262 753 celescia3
1314 710 1355 744 et
1391 703 1513 744 canit
1549 702 1717 744 mellite

184 772 282 812 sine
320 772 534 819 mesticia,
565 771 807 812 clamorem
839 771 1033 812 efferens
1067 771 1234 812 dilecto
1269 771 1411 811 nobili
1446 771 1562 812 sicut
1597 783 1716 812 sera-

184 839 400 894 phycum,
425 839 531 893 quia
554 839 857 880 conformitur
880 839 924 879 in
954 845 1101 879 mente
1126 852 1338 880 amorosa
1363 838 1558 892 dicitur:
1596 836 1623 855 “
1646 836 1717 877 En

183 919 344 947 amans
365 906 501 947 ardeo
523 905 746 947 anhelans
766 906 901 947 auide
921 905 970 946 l''
1024 905 1102 947 Sic
1125 906 1232 960 igne
1256 906 1400 947 uritur
1424 904 1715 947 inestimabili

184 973 380 1014 amantis
424 973 579 1014 anima
624 980 666 1013 et
707 973 892 1014 flamma
931 973 1170 1027 perforans
1217 987 1395 1028 queque
1441 972 1622 1013 letificat
1666 983 1720 1011 ac

184 1040 401 1081 scintillat
434 1040 617 1082 celicus.
697 1040 813 1094 (Nec
849 1040 985 1081 finem
1024 1040 1142 1082 facio
1179 1040 1363 1082 feruens
1400 1039 1600 1090 feliciter,
1639 1038 1718 1079 sed

184 1121 363 1162 semper
386 1122 639 1162 properans
658 1108 716 1149 ad
743 1108 829 1150 hoc
853 1108 976 1163 quod
1002 1108 1160 1163 diligo,
1186 1121 1308 1149 mors
1332 1114 1398 1148 est
1422 1107 1535 1148 mihi
1562 1106 1719 1148 suauis

184 1182 226 1216 et
259 1175 453 1228 secura.)
516 1175 714 1217 Sanctus
749 1175 933 1230 quidem
963 1174 1194 1217 solitarius
1227 1175 1334 1230 quia
1368 1188 1452 1229 pro
1481 1174 1720 1216 Saluatore

185 1243 339 1284 sedere
370 1243 587 1284 sustinuit
620 1243 664 1282 in
699 1243 959 1291 solitudine,
993 1243 1145 1283 sedem
1179 1243 1368 1296 accipiet
1399 1242 1445 1282 in
1477 1240 1720 1282 celestibus

184 1323 369 1351 auream
406 1317 447 1351 et
480 1310 772 1351 excellentem
806 1310 923 1350 inter
958 1310 1144 1350 ordines
1165 1309 1181 1333 ⁵
1213 1310 1500 1365 angelorum,
1541 1317 1584 1350 et
1614 1308 1721 1363 quia

187 1377 359 1419 uilibus
396 1378 602 1419 uestibus
633 1391 718 1431 pro
746 1391 900 1418 amore
939 1377 1155 1419 Auctoris
1193 1377 1479 1424 induebatur,
1517 1375 1719 1417 tunicam

186 1444 372 1486 talarem
396 1451 437 1485 et
460 1452 660 1486 eternam
686 1446 731 1485 in
756 1444 956 1486 claritate
980 1444 1245 1486 Conditoris
1268 1443 1519 1485 confectam
1545 1441 1719 1482 induet.

188 1512 396 1565 Accipiet
442 1512 593 1566 itaque
638 1511 928 1565 splendorem
981 1512 1039 1565 in
1078 1511 1191 1552 facie
1242 1510 1566 1565 premirificum
1615 1508 1724 1564 quia

187 1593 368 1620 carnem
396 1579 591 1621 domans
619 1579 779 1620 faciem
809 1579 1027 1633 pallidam
1051 1586 1093 1620 et
1118 1579 1404 1620 macilentam
1434 1578 1600 1619 habere
1630 1589 1721 1617 non

188 1647 392 1697 erubuit3
438 1647 722 1702 palliumque
752 1647 1109 1701 pulcherrimum
1143 1647 1374 1700 lapidibus
1405 1646 1624 1701 preciosis
1656 1646 1723 1685 in-

188 1721 360 1755 textum
394 1728 478 1768 pro
508 1715 734 1769 despectis
768 1715 937 1769 pannis
971 1715 1085 1755 inter
1121 1715 1447 1769 paradisicolas
1478 1720 1725 1768 potestates

190 1782 389 1835 portabit
416 1782 460 1822 in
493 1789 780 1836 perpetuum.
846 1782 1021 1823 Uerum
1052 1789 1093 1822 et
1121 1782 1228 1836 quia
1253 1782 1371 1823 uicia
1399 1794 1642 1831 euacuans,
1671 1792 1724 1820 ac

191 1850 236 1890 in
281 1857 518 1891 uenustate
561 1849 759 1891 uisibilis
801 1850 892 1892 uite
935 1863 1025 1890 non
1071 1849 1246 1896 uiuens‚
1288 1848 1464 1902 species
1500 1846 1725 1900 spurcicie

191 1930 379 1970 prorsus
408 1917 585 1958 abiecit.
650 1917 702 1957 In
733 1917 893 1958 ardore
923 1916 1094 1957 amoris
1120 1916 1452 1969 omnipotentis
1478 1928 1644 1957 sonum
1678 1913 1724 1953 in

188 1998 236 2026 se
264 1984 455 2039 suscipit
482 1984 810 2026 suauissimum
839 1991 880 2025 et
904 1983 1109 2034 celicum,
1139 1991 1181 2024 et
1206 1983 1321 2024 mela
1339 1982 1355 2006 ⁶
1382 1982 1725 2023 modulancium

192 2054 237 2094 in
279 2053 517 2095 caritatiuo
553 2066 718 2095 canore
759 2053 923 2094 meruit
964 2052 1103 2093 menti
1145 2052 1244 2094 eius
1283 2050 1498 2092 melliflue
1539 2049 1724 2090 inmitti.

194 2121 442 2162 Audaciter
468 2121 609 2176 igitur
633 2121 731 2161 sine
758 2120 943 2161 horrore
970 2120 1060 2160 exit
1086 2120 1144 2161 ab
1175 2119 1260 2160 hoc
1284 2118 1433 2167 exilio,
1457 2118 1651 2159 audiens
1679 2117 1725 2157 in

191 2189 406 2230 extremis
439 2189 694 2243 angelicam
729 2188 1029 2237 harmoniam,
1071 2194 1112 2228 et
1152 2187 1369 2242 gradiens
1409 2200 1511 2228 cum
1553 2185 1728 2241 gaudio

193 2256 270 2310 qui
324 2256 641 2298 ardentissime
693 2256 877 2304 amauit,
928 2254 1178 2296 assumitur
1228 2254 1273 2294 in
1324 2253 1477 2294 aulam
1524 2259 1724 2292 eternam

192 2323 508 2365 honorabilius
533 2323 591 2364 ad
622 2323 965 2378 gloriossimum
996 2322 1205 2377 gradum,
1236 2328 1283 2363 ut
1311 2321 1481 2362 scilicet
1506 2319 1725 2361 subsistat

191 2403 294 2446 cum
322 2390 568 2445 seraphym
599 2390 644 2430 in
672 2391 778 2432 sede
806 2404 1032 2444 suprema.

212 2448 215 2453 ’
251 2457 407 2509 Porro,
429 2465 476 2499 ut
497 2458 625 2512 potui
648 2458 693 2498 in
715 2457 953 2512 scripturis
976 2456 1260 2511 perscrutari,
1285 2455 1441 2497 inueni
1461 2462 1503 2496 et
1524 2453 1724 2509 cognoui

234 2588 262 2618 1.
281 2586 367 2626 Ier.,
410 2587 441 2626 3,
475 2587 525 2617 28.
638 2588 668 2618 2.
689 2586 969 2625 Ecclesiasticus,
1013 2587 1066 2627 49,
1097 2586 1146 2617 16.

229 2631 264 2662 3.
287 2629 336 2671 (9)
364 2629 578 2687 ““rapbus3”
646 2629 688 2670 (j)
739 2629 983 2671 uncorrected,
1034 2628 1268 2669 “exceptus”
1382 2631 1414 2661 4.
1446 2628 1485 2670 (i)
1535 2624 1723 2659 “diuini.”

230 2675 263 2750 ἓ.
285 2674 337 2759 (gg
364 2672 556 2748 “gigiffirsif
602 2716 730 2748 Rolle’s
749 2727 845 2748 more
869 2716 971 2747 usual
995 2715 1092 2748 word
1118 2715 1174 2747 for
1198 2715 1216 2728 “
1231 2714 1407 2757 melody.'’
1479 2714 1536 2748 Cf.
1566 2714 1623 2746 his
1645 2712 1728 2746 tit-,le

189 2761 324 2793 Melum
347 2759 708 2802 contemplativorum.
