1881 2985
231 209 298 253 248
572 211 684 250 THE
719 212 874 249 GIFTS
910 214 978 249 OF
1012 214 1169 251 GOD’S
1205 216 1422 254 CHOSEN

893 329 1004 371 CAP.
1036 331 1104 382 36.

234 398 325 452 (De
346 399 540 443 diuersis
557 401 803 443 electorum
821 403 968 453 donis,
991 410 1033 444 et
1056 405 1289 458 quomodo
1307 406 1451 447 sancti
1473 406 1762 461 profecerunt

346 467 404 508 ad
451 481 653 510 amorem
700 470 887 518 orando,
938 471 1215 520 meditando,
1263 472 1516 527 diligendo,
1568 474 1763 516 aduersa

346 535 629 585 sustinendo,
670 543 711 576 et
752 536 870 577 uicia
911 537 1123 586 odiendo,
1165 546 1206 579 et
1243 540 1366 594 quod
1407 554 1536 582 amor
1571 555 1625 582 ex
1662 541 1763 583 Deo

339 600 557 652 procedit,
595 608 637 641 et
671 601 770 643 eius
800 603 1020 643 memoria
1054 604 1226 644 amanti
1263 612 1329 646 est
1366 606 1642 657 necessaria;
1680 619 1761 649 nec

337 680 500 709 amans
517 669 638 710 cadit
663 670 1049 722 temptacionibus
1071 671 1332 714 carnalibus
1357 680 1404 714 ut
1428 672 1570 727 aliqui
1598 675 1761 727 imp-er-

338 734 458 786 fecti‚
490 750 571 778 nec
600 737 763 778 leditur
792 737 949 779 fomite
979 739 1080 779 licet
1111 739 1275 793 duret.)

290 807 431 850 Electi
459 817 610 851 autem
638 811 715 866 qui
739 825 893 853 amore
920 813 1331 866 superhabundant
1357 822 1398 856 et
1425 815 1483 857 ad
1510 816 1759 858 amandum

122 880 146 913 f.
167 882 209 914 90
232 874 379 929 magis
406 888 543 929 quarn
563 876 621 917 ad
643 876 819 931 aliquid
843 877 969 919 aliud
996 885 1089 919 tota
1114 886 1263 920 mente
1289 879 1544 932 intendunt,
1572 880 1760 923 mirifice

232 937 640 980 manifestauerunt
684 940 818 982 nobis
854 954 1073 982 arcanum
1101 942 1377 994 amancium,
1422 944 1500 998 qui
1539 943 1760 997 superfer-

230 1004 334 1046 uide
375 1012 417 1046 et
456 1008 862 1059 supernaturaliter
900 1016 1171 1062 acceperunt
1208 1010 1470 1052 incendium
1507 1011 1677 1052 amoris
1716 1018 1760 1052 et

229 1071 522 1113 inestimabili
567 1072 730 1114 affectu
774 1086 884 1128 erga
925 1082 1128 1116 amatum
1174 1089 1308 1116 suum
1356 1076 1540 1117 Ihesum
1583 1076 1760 1117 inarde-

227 1138 429 1179 scebant.
494 1139 820 1193 Disponuntur
838 1154 1036 1196 namque
1058 1142 1208 1184 dilecti
1235 1143 1321 1184 Dei
1344 1143 1541 1186 diuersis
1564 1144 1759 1185 muneri-

228 1206 338 1256 bus3
364 1206 441 1246 alii
462 1207 520 1248 ad
544 1208 792 1262 agendum,
811 1209 887 1249 alii
912 1210 970 1250 ad
991 1210 1264 1259 docendum,
1286 1211 1364 1252 alii
1388 1212 1447 1253 ad
1470 1212 1759 1266 diligendum

228 1273 355 1313 electi
399 1281 524 1315 sunt.
588 1274 764 1317 Omnes
809 1284 960 1317 tamen
1006 1277 1149 1318 sancti
1197 1278 1316 1319 idem
1362 1278 1568 1332 cupiunt,
1613 1286 1656 1319 et
1698 1279 1756 1320 ad

227 1340 417 1381 eandem
454 1341 595 1382 uitam
631 1350 831 1391 currunt,
860 1344 940 1384 sed
970 1343 1198 1386 distinctis
1233 1345 1440 1387 semitis1
1476 1345 1583 1400 quia
1618 1359 1758 1387 unus-

228 1406 423 1461 quisque
483 1408 819 1461 predestinatus
876 1422 956 1464 per
1009 1410 1132 1452 illam
1190 1411 1398 1453 semitam
1462 1411 1645 1455 uirtutis
1699 1413 1757 1454 ad

229 1487 422 1528 regnum
471 1475 691 1528 graditur,
738 1475 783 1515 in
831 1490 921 1530 qua
966 1477 1167 1530 amplius
1199 1484 1443 1528 exercetur,
1479 1478 1562 1519 etsi
1589 1478 1628 1520 si
1659 1478 1759 1532 ipsa

226 1541 374 1583 uirtus
414 1542 459 1582 in
498 1556 588 1596 qua
632 1543 798 1583 eminet
856 1544 1071 1584 suauitati
1116 1544 1263 1585 diuini
1304 1545 1475 1586 amoris
1516 1545 1759 1587 ardencius

225 1607 424 1656 adheret,
463 1622 550 1663 que
585 1609 769 1663 quidem
804 1610 849 1649 in
889 1610 1087 1651 maxima
1124 1611 1274 1665 quiete
1311 1611 1468 1666 pocior
1503 1611 1753 1652 estimatur.

227 1675 438 1717 Profecto
465 1677 649 1731 quidem
676 1678 733 1718 ad
760 1677 909 1718 Deum
937 1678 1161 1732 peruenit,
1192 1678 1315 1719 illam
1341 1679 1589 1733 perhennis
1612 1679 1757 1735 glorie

227 1743 512 1785 mansionem
551 1752 592 1784 et
630 1745 783 1785 sedem
821 1746 1005 1799 accipit2
1044 1746 1089 1785 in
1128 1746 1367 1800 premium,
1408 1760 1545 1801 quam
1585 1746 1757 1802 perfec-

225 1811 416 1853 tissimis
475 1812 757 1854 amato-ribus
822 1812 1036 1855 Christus
1093 1813 1324 1854 ordinauit
1385 1813 1643 1854 habendam
1710 1813 1755 1853 in

225 1885 445 1919 eternum.

283 1944 481 1985 Aiebant
520 1945 661 2000 igitur
696 1953 902 1988 amantes
936 1947 1013 2001 qui
1045 1946 1248 2001 gloriosa
1283 1947 1485 1988 carmina
1522 1947 1756 1988 dictabant

222 2013 406 2061 amoris,
433 2013 555 2067 quod
583 2013 660 2068 qui
683 2014 741 2054 ad
762 2014 1012 2055 amandum
1037 2015 1290 2055 eminenter
1313 2014 1498 2069 eligitur
1524 2013 1569 2054 in
1595 2013 1757 2068 primis

219 2080 463 2134 diligenter
480 2087 606 2121 curat
627 2088 668 2121 et
687 2081 878 2129 affectat,
899 2088 946 2122 ut
964 2081 1061 2123 eius
1079 2094 1156 2122 cor
1173 2081 1230 2122 ab
1245 2088 1399 2122 amato
1414 2095 1500 2123 suo
1519 2093 1755 2135 nunquam

227 2148 418 2199 recedat,
447 2155 495 2188 ut
521 2148 578 2189 sit
607 2148 670 2188 illi
696 2148 913 2189 memoria
944 2148 1078 2189 Ihesu
1101 2149 1230 2203 quasi
1259 2150 1435 2190 musica
1460 2149 1506 2190 in
1533 2148 1752 2199 conuiuii,

225 2223 267 2256 et
290 2215 335 2255 in
357 2215 455 2256 eius
478 2229 554 2257 ore
578 2216 886 2257 indulcoretur
909 2229 1048 2269 sup-er
1061 2217 1147 2257 mel
1168 2225 1209 2258 et
1235 2216 1408 2258 fauum.
1469 2216 1561 2258 Sed
1583 2223 1755 2273 quanto

223 2283 405 2324 diucius
431 2296 479 2325 se
506 2284 550 2324 in
582 2283 747 2325 studiis
775 2283 1093 2337 spiritualibus
1115 2283 1376 2335 exercuerit,
1410 2291 1539 2325 tanto
1568 2282 1754 2325 suauior

222 2351 474 2405 apparebit.
539 2350 718 2392 Deinde
752 2358 948 2392 mentem
979 2352 1037 2393 ab
1071 2351 1286 2392 inanibus
1319 2359 1361 2392 et
1393 2350 1552 2405 prauis
1580 2349 1754 2405 cogita-

225 2419 434 2460 cionibus
466 2419 702 2467 abstrahit,
737 2427 778 2460 et
810 2420 868 2460 ad
902 2419 1177 2461 desiderium
1209 2419 1474 2461 Conditoris
1506 2418 1752 2472 componit.

222 2486 387 2528 Totam
411 2487 456 2526 in
481 2486 715 2528 Christum
737 2487 925 2541 colligit,
947 2494 988 2528 et
1012 2487 1057 2526 in
1082 2487 1184 2540 ipso
1204 2486 1329 2527 fonte
1351 2485 1615 2527 dileccionis
1638 2484 1752 2539 figit,

219 2567 271 2595 ac
290 2561 338 2595 ut
359 2555 509 2607 ipsum
530 2555 677 2595 solum
698 2561 831 2605 amet,
845 2562 887 2595 et
908 2555 953 2594 in
975 2555 1077 2607 ipso
1093 2554 1194 2596 solo
1207 2553 1753 2601 delectetur‚incessanter

220 2630 332 2663 orat.
399 2622 494 2664 Iam
518 2630 626 2664 tunc
651 2623 842 2663 ueniunt
866 2623 910 2663 in
934 2623 1135 2664 animam
1162 2622 1261 2663 eius
1282 2621 1553 2662 affecciones
1575 2619 1746 2669 dulces,

280 2713 306 2742 1.
407 2711 424 2724 “
441 2710 659 2742 semitibus.’'

276 2756 304 2786 2.
336 2710 384 2796 ((9)
411 2755 522 2785 “eum
544 2754 589 2785 ad
613 2754 707 2785 illam
731 2753 875 2785 Domini
898 2753 1099 2795 peruenerit,
1119 2752 1307 2794 perhennis
1330 2751 1439 2796 glorie
1461 2750 1688 2792 mansionem,
1713 2752 1750 2781 et

211 2797 328 2829 sedem
349 2797 523 2838 acceperit
541 2797 576 2829 in
592 2797 798 2838 premium.’'
