1881 2985
385 200 509 237 TILL
541 201 617 237 HE
651 200 799 237 COME
830 200 898 234 To
930 199 1042 236 THE
1075 199 1326 237 BELoVED
1557 213 1619 246 193

93 316 366 358 transitoria.
396 323 437 356 et
463 329 582 357 uana
608 316 777 371 gaudia
800 315 911 356 facis
932 315 1175 369 despicere,
1199 323 1240 356 et
1266 316 1310 355 in
1334 317 1423 357 tuis
1449 316 1618 357 solum-

95 382 233 423 modo
267 382 503 424 desideriis
535 383 799 424 mirabiliter
833 381 1060 422 anhelare.
1141 381 1321 423 Uenisti
1360 382 1417 423 ad
1456 396 1538 429 me,
1576 389 1617 423 et

95 461 195 489 ecce
222 449 377 489 omnia
406 449 618 490 interiora
644 449 879 503 precordia
901 449 1052 489 anime
1077 462 1172 489 mee
1198 448 1421 490 suauitate
1448 449 1616 490 ameni-

91 516 197 556 tatis
236 515 513 569 melliphone
554 517 796 569 replentur,
838 523 880 556 et
916 515 1153 557 abundant
1186 516 1414 556 feruencia
1450 515 1622 570 gaudio

95 583 336 637 spirituali.
403 583 515 625 Inde
542 585 707 625 etenim
735 597 887 625 amore
915 583 1114 638 langueo
1141 583 1266 625 floris
1293 582 1555 637 prefulgidi‚
1579 589 1620 623 et

97 664 203 691 uror
228 650 385 691 intime
408 651 530 706 ignis
556 651 777 692 incendio.
841 650 1028 690 Abirem
1054 649 1227 691 utinam
1253 651 1309 691 ab
1336 649 1474 691 huius
1499 649 1620 690 exilii

98 714 463 758 inhabitacione1
487 717 501 741 1
563 714 690 758 Calet
721 730 917 771 namque
967 715 1159 771 qualiter
1190 716 1294 771 quis
1320 730 1411 757 non
1437 716 1620 771 cogitat,

97 784 184 825 nisi
210 784 286 838 qui
311 784 501 825 senserit
522 785 566 824 in
591 798 638 825 se
664 784 896 835 solacium,
923 797 998 825 cor
1021 797 1189 825 canens
1215 784 1426 831 carmine,
1451 791 1492 824 et
1515 795 1622 824 cura

98 858 280 904 captum
304 851 513 892 caritatis.
579 851 659 892 Est
683 864 878 905 namque
902 850 987 892 hoc
1006 850 1351 891 amenissimum
1374 850 1496 904 quod
1518 849 1623 890 hinc
1644 855 1668 888 f.
1688 853 1754 890 77b

98 917 285 970 accipio,
313 924 354 958 et
386 917 476 958 fere
506 918 675 958 morior
703 918 812 958 dum
841 917 889 957 fit
917 917 982 958 sic
1013 917 1220 959 funditus
1248 931 1402 958 amore
1432 916 1622 964 feruido,

100 984 189 1025 iam
229 984 552 1026 dilectissimus
590 985 727 1025 donet
766 991 815 1024 ut
853 984 1075 1025 desinam.
1154 982 1275 1038 Quia
1315 996 1450 1034 mors,
1487 995 1624 1037 quam

100 1049 231 1091 multi
258 1057 477 1098 metuunt,
504 1050 615 1090 mihi
638 1058 754 1091 esset
779 1058 827 1091 ut
852 1049 995 1091 melos
1016 1050 1199 1100 musice,
1211 1049 1489 1104 {quanquam
1517 1050 1621 1100 iam,

99 1124 317 1171 tanquam
353 1117 398 1157 in
432 1117 646 1171 paradiso
678 1117 868 1170 positus,
902 1116 1162 1164 subsistam,
1195 1116 1358 1158 sedens
1390 1116 1435 1156 in
1469 1115 1625 1157 solitu-

101 1183 220 1230 dine,
255 1183 345 1224 illic
375 1184 575 1226 suauiter
605 1197 775 1225 sonans
805 1197 1065 1224 amorosum
1098 1183 1339 1233 canticum,
1374 1183 1419 1223 in
1452 1182 1627 1224 deliciis

103 1263 216 1304 quas
245 1250 369 1291 dedit
401 1249 512 1291 mihi
541 1250 746 1291 dilectus.

757 1389 870 1432 CAP.
909 1400 970 1442 17.

105 1503 370 1559 (Quomodo
388 1504 616 1558 perfectus
633 1517 760 1544 amor
778 1503 1034 1558 adquiritur
1047 1503 1279 1544 mundicia
1295 1512 1337 1546 et
1356 1503 1627 1552 dileccione3

214 1578 255 1610 et
283 1570 338 1611 de
362 1584 515 1611 amore
544 1570 830 1623 imperfecto3
859 1577 900 1610 et
924 1569 1287 1624 pulchritudine;
1314 1578 1356 1611 et
1383 1571 1438 1611 de
1463 1570 1629 1623 triplici

218 1639 263 1680 ui
314 1640 484 1680 amoris
530 1639 702 1689 diuini3
767 1645 809 1679 et
859 1638 914 1679 de
963 1637 1197 1683 diuitibus,
1246 1637 1538 1691 pauperibus,
1588 1644 1629 1676 et

218 1706 502 1759 elemosina.)

164 1795 233 1837 Ex
266 1796 517 1836 munditate
547 1795 841 1843 consciencie,
873 1801 914 1834 et
943 1807 998 1834 ex
1029 1793 1349 1834 habundancia
1379 1791 1630 1846 spiritualis

107 1863 263 1915 leticie,
291 1870 333 1904 et
362 1862 654 1903 iocunditatis
680 1862 865 1908 interne,
894 1861 1042 1915 surgit
1068 1868 1230 1902 cantus
1259 1859 1402 1915 glorie
1428 1867 1471 1900 et
1497 1858 1631 1899 ardor

105 1929 368 1970 dileccionis
395 1929 568 1969 interne
592 1928 637 1968 in
662 1935 810 1968 mente
834 1927 1050 1968 ueraciter
1069 1934 1264 1967 amante.
1330 1925 1558 1966 Nimirum
1585 1924 1629 1964 in

107 1996 229 2037 hunc
270 1995 455 2036 modum
496 2008 656 2035 amans
696 2007 896 2035 amorem
940 1994 1074 2034 habet
1116 1992 1323 2034 habitum
1367 1992 1630 2047 perfectum,

107 2062 281 2103 feruore
329 2075 562 2116 magnum,
595 2069 719 2103 motu
753 2062 943 2102 omnino
976 2061 1021 2100 in
1056 2061 1206 2101 Deum
1237 2060 1470 2109 directum,
1505 2058 1632 2099 nullo

103 2129 429 2183 impedimento
443 2129 500 2169 ab
518 2136 671 2169 amato
688 2135 923 2178 remotum,
937 2127 1034 2168 sine
1056 2126 1419 2168 contradiccione
1443 2128 1629 2168 inanum

106 2197 443 2251 cogitacionum
491 2196 676 2238 Christo
723 2196 1016 2243 inherentem,
1064 2195 1109 2235 in
1159 2195 1293 2235 Ihesu
1341 2193 1631 2249 perhenniter
1650 2203 1673 2237 f.
1691 2204 1733 2238 78

107 2264 396 2318 gaudentem,
434 2263 491 2304 ab
531 2276 585 2304 eo
626 2276 860 2317 nunquam
900 2262 1178 2308 distractum,
1221 2261 1353 2302 malis
1394 2272 1629 2314 nunquam

108 2331 320 2378 illectum,
358 2342 491 2384 quem
529 2343 764 2383 nunquam
801 2342 954 2370 musce
986 2327 1255 2369 morientes2
1296 2327 1529 2381 decipiunt
1561 2326 1633 2367 uel

109 2397 341 2451 depellunt
359 2410 386 2437 a
408 2397 630 2438 suauitate
657 2395 896 2450 unguenti.
962 2393 1181 2444 Mundus,
1206 2408 1323 2443 caro,
1349 2394 1559 2435 diabolus
1586 2393 1630 2432 in

109 2466 211 2518 ipso
260 2463 435 2504 nullum
483 2463 691 2503 effectum
741 2462 909 2503 habent
958 2461 1171 2516 quamuis
1217 2462 1502 2515 impugnent,
1551 2458 1630 2499 sed

108 2531 297 2573 conterit
340 2530 442 2571 illos
482 2529 567 2570 sub
608 2529 803 2584 pedibus
841 2529 951 2575 eius,
992 2540 1147 2569 eorum
1192 2526 1503 2569 fortitudinem
1547 2537 1631 2578 pro

110 2597 255 2638 nihilo
279 2597 462 2647 ducens,
489 2596 631 2636 feruet
655 2596 753 2637 sine
778 2595 1003 2643 conflictu,
1029 2603 1151 2635 amat
1172 2607 1276 2635 cum
1299 2594 1483 2647 impetu,
1509 2591 1629 2633 canit

108 2677 210 2705 cum
236 2663 489 2710 dulcedine,
515 2661 723 2716 splendet
750 2676 852 2703 cum
878 2661 1037 2708 calore,
1065 2660 1310 2701 delectatur
1336 2660 1381 2700 in
1411 2659 1509 2700 Deo
1531 2658 1629 2699 sine

170 2737 198 2766 1.
227 2734 283 2767 Cf.
312 2733 497 2775 Prologue,
520 2743 553 2774 p.
576 2735 648 2766 145.
737 2735 768 2766 2.
796 2731 854 2764 Cf.
872 2731 1114 2767 Ecclesiaste-3,
1129 2733 1179 2770 10,
1198 2733 1225 2762 1.

192 2820 219 2847 Ν
