1881 2985
509 183 687 220 RoLLE
720 182 860 219 FLED
895 179 1154 218 EARTHLY
1188 180 1354 215 MUSic
1631 192 1696 225 239

174 299 241 340 Ita
267 300 387 340 enim
415 300 601 340 stabiliti
626 306 744 348 sunt,
770 298 891 353 quod
920 297 1046 339 nullo
1072 297 1269 339 clamore
1296 297 1368 337 uel
1390 296 1585 338 tumultu
1614 303 1691 337 aut

172 379 459 421 quacumque
488 366 577 407 alia
606 380 650 407 re
679 365 869 407 distrahi
900 371 1111 419 poterunt
1140 365 1197 405 ab
1229 363 1439 405 oracione
1469 364 1541 404 uel
1567 363 1692 418 cogi-

171 432 371 482 tacione;
409 433 487 473 sed
524 440 699 474 tantum
736 446 763 472 a
800 445 961 474 canore
1006 445 1086 485 per
1135 431 1242 471 talia
1293 429 1466 471 diuelli.
1564 430 1692 471 Istud
1731 450 1737 455 -

171 511 368 552 namque
384 498 515 540 dulce
537 499 761 541 canticum
785 497 1019 552 spirituale
1041 497 1224 552 quidem
1247 504 1288 538 et
1310 495 1525 551 speciale1
1547 497 1693 544 ualde,

171 566 278 620 quia
298 565 641 618 specialissimis
659 566 815 606 datum
836 572 925 614 est3
948 578 1049 605 cum
1073 564 1370 605 exterioribus
1391 564 1578 606 canticis
1602 577 1691 604 non

169 633 426 683 concordat,
454 647 540 688 que
564 633 607 673 in
632 632 832 674 ecclesiis
858 633 928 673 uel
951 631 1059 673 alibi
1082 631 1409 685 frequentatur.
1474 630 1692 671 Dissonat

170 707 321 740 autem
356 700 548 741 multum
581 700 638 740 ab
671 699 886 740 omnibus
917 712 1003 753 que
1036 698 1237 739 humana
1268 705 1310 738 et
1341 697 1549 738 exteriori
1582 708 1693 736 uoce

172 766 439 817 formantur,
505 766 816 820 corporalibus
875 766 1063 807 auribus
1123 765 1375 815 audienda3
1438 764 1518 806 sed
1580 763 1694 803 inter
1716 767 1739 799 f.
1759 767 1823 800 88b

170 833 404 887 angelicos
428 841 674 875 concentus
700 833 951 874 armoniam
982 832 1115 874 habet
1146 831 1469 885 acceptabilem
1499 831 1693 871 admira-

169 901 390 955 cioneque
413 900 779 942 commendatum
807 908 872 941 est
897 901 953 941 ab
980 899 1067 940 hiis
1094 900 1170 954 qui
1196 905 1527 953 cognouerunt.

221 966 387 1008 Uidete
409 974 451 1008 et
470 967 723 1021 intelligite,
750 967 851 1017 uiri,
876 974 917 1006 et
939 966 1076 1007 nolite
1095 966 1206 1017 falli,
1233 965 1339 1020 quia
1360 965 1537 1007 ostendi
1559 963 1693 1007 uobis

171 1035 229 1076 ad
260 1035 478 1076 honorem
506 1036 835 1088 omnipotentis
862 1035 946 1076 Dei
971 1042 1011 1076 et
1040 1035 1096 1076 ad
1126 1034 1417 1075 commodum
1450 1040 1686 1074 nostrum:

171 1115 250 1142 cur
275 1101 507 1156 fugiebam
533 1110 765 1143 cantantes
792 1103 836 1142 in
860 1102 1062 1143 ecclesiis
1083 1110 1123 1142 et
1151 1115 1240 1155 qua
1265 1101 1442 1142 racione
1467 1100 1693 1153 meipsum

171 1170 235 1210 eis
261 1169 512 1210 immiscere
536 1183 625 1210 non
649 1169 817 1219 amaui,
842 1183 894 1210 ac
919 1169 1125 1210 ludentes
1149 1169 1193 1208 in
1216 1168 1404 1222 organis
1427 1181 1517 1208 non
1536 1166 1693 1208 audire

169 1235 392 1288 adoptari.
507 1236 889 1290 Impedimentum
965 1236 1086 1277 enim
1161 1235 1437 1276 exhibebant
1515 1233 1695 1276 sonoris

177 1303 418 1343 amenitate
462 1310 505 1343 et
547 1302 748 1356 preclara
792 1303 996 1344 carmina
1023 1302 1212 1343 deficere
1251 1302 1494 1356 cogebant.
1589 1300 1693 1340 Non

173 1379 239 1412 est
262 1385 373 1425 ergo
396 1372 559 1412 mirum
579 1371 616 1412 si
641 1371 862 1425 fugissem
888 1371 1011 1425 quod
1036 1384 1106 1411 me
1131 1370 1441 1416 confunderet,
1465 1376 1507 1410 et
1533 1369 1577 1409 in
1604 1381 1696 1422 quo

171 1438 428 1491 culpandus
456 1438 642 1486 fueram,
670 1439 707 1479 si
732 1439 881 1479 destiti
906 1439 962 1479 ab
990 1438 1075 1479 hoc
1104 1438 1226 1492 quod
1251 1451 1321 1478 me
1345 1451 1371 1477 a
1398 1436 1696 1478 dilectissimo

175 1506 352 1546 cantico
389 1519 490 1546 meo
524 1505 747 1559 depellere
785 1505 998 1546 sciebam.
1066 1504 1299 1546 Errassem
1337 1504 1493 1558 utique
1527 1504 1701 1543 sialiter

174 1573 384 1627 egissem,
415 1572 494 1614 sed
525 1586 615 1613 non
643 1573 853 1627 ignoraui
884 1586 910 1612 a
943 1585 1032 1626 quo
1064 1572 1230 1625 accepi,
1262 1571 1383 1612 unde
1411 1570 1695 1613 conformaui

175 1653 245 1680 me
287 1639 491 1689 omnino,
542 1646 589 1679 ut
631 1639 728 1680 eius
770 1638 1028 1692 perficerem
1065 1638 1370 1687 uoluntatem;
1414 1651 1468 1679 ne
1517 1638 1698 1691 ingrato

175 1708 369 1748 auferret
389 1708 510 1762 quod
529 1707 672 1762 gratis
690 1706 983 1760 largiebatur.
1015 1705 1283 1747 Delectabar
1300 1706 1455 1759 utique
1478 1706 1522 1746 in
1542 1704 1697 1747 solitu-

175 1776 284 1817 dine
311 1776 464 1817 sedere
493 1782 540 1816 ut
567 1782 690 1816 extra
721 1774 944 1815 tumultus
973 1774 1151 1828 positus
1171 1773 1389 1828 liquidius
1420 1786 1626 1815 canerem
1654 1779 1695 1812 et

173 1844 456 1886 feruentibus
516 1843 764 1897 precordiis
823 1844 938 1885 meis
991 1842 1313 1884 suauissimam
1376 1841 1695 1882 iubilacionem

174 1912 411 1965 experirer,
443 1911 565 1965 quod
601 1911 746 1964 ipsam
782 1911 879 1952 sine
908 1910 1208 1964 ambiguitate
1241 1909 1296 1950 de
1332 1921 1517 1949 munere
1551 1907 1697 1961 ipsius

174 1992 307 2033 quem
334 1992 471 2031 super
494 1979 648 2019 omnia
675 1978 1036 2018 inestimabiliter
1057 1977 1209 2017 amaui
1234 1977 1526 2029 accepissem.
1590 1973 1694 2014 Non

175 2046 295 2086 enim
324 2045 530 2086 efferbuit
565 2058 642 2085 cor
677 2058 826 2085 meum
865 2045 909 2084 in
943 2043 1364 2096 concupiscenciam
1402 2041 1695 2096 corporalem,

176 2124 322 2165 neque
342 2125 369 2152 a
385 2118 587 2152 creatura
605 2111 791 2164 concepi
812 2110 1165 2152 consolatorium
1186 2124 1364 2152 carmen
1385 2110 1506 2164 quod
1528 2121 1697 2150 canens

178 2178 221 2219 in
260 2177 393 2219 Ihesu
428 2178 629 2219 iubilaui.
692 2178 837 2219 Amor
867 2178 1077 2232 equidem
1111 2177 1261 2218 adhuc
1298 2177 1609 2227 inducebatur,
1648 2182 1696 2216 ut

178 2259 268 2286 non
295 2246 587 2286 consisterem
616 2246 660 2285 in
686 2245 913 2299 qualitate,
942 2258 1031 2298 qua
1058 2244 1237 2298 indigni
1266 2244 1595 2296 deprimuntur,
1617 2242 1696 2284 sed

177 2319 225 2352 ut
260 2312 522 2354 subleuarer
551 2325 689 2364 supra
721 2311 1007 2352 altitudinem
1044 2324 1225 2351 omnem
1261 2310 1526 2359 uisibilium‚
1562 2316 1603 2349 et
1637 2308 1695 2349 ab

176 2378 384 2432 empyrio
429 2391 648 2419 accensus
696 2386 737 2419 et
787 2378 1067 2418 illuminatus
1112 2377 1170 2418 ad
1202 2377 1481 2417 laudandum
1520 2376 1694 2425 Deum3

177 2446 307 2486 cuius
327 2445 427 2486 laus
450 2445 494 2484 in
519 2459 595 2486 ore
619 2445 769 2486 adhuc
790 2445 977 2486 sordido
1002 2458 1093 2484 non
1119 2452 1185 2485 est
1210 2444 1432 2496 speciosa.
1496 2440 1696 2494 Quamo-

185 2513 310 2553 brem
345 2511 416 2552 cui
455 2512 514 2551 ita
548 2511 796 2564 aperiretur
835 2510 1047 2551 fenestra²
1094 2508 1447 2561 imperforabilis
1483 2505 1698 2548 omnibus

176 2580 351 2634 aliquid
373 2587 519 2633 preter
538 2593 679 2620 unum
700 2579 976 2628 amantibus,
1003 2591 1093 2618 non
1117 2585 1232 2619 esset
1255 2577 1418 2617 mirum
1442 2575 1479 2616 si
1504 2581 1695 2615 mutare-

178 2654 250 2688 tur
267 2647 366 2688 eius
383 2654 543 2687 natura
563 2647 607 2686 in
629 2647 908 2688 nobilitatem
928 2645 1167 2699 dignitatis
1183 2642 1528 2696 inexplicabilis,
1550 2641 1696 2681 factus

235 2732 265 2805 Ξ.
302 2729 351 2804 (sk)
378 2727 619 2804 “slpigituale:
651 2738 725 2760 cum
755 2727 989 2760 exterioribus
1011 2725 1157 2759 canticis
1186 2727 1250 2768 est,
1280 2735 1348 2756 non
1376 2720 1598 2756 coneordat?

235 2778 242 2790 ⁴
260 2798 268 2805 .
293 2783 311 2805 c
330 2798 337 2804 .
357 2783 389 2815 p.
438 2776 457 2805 8
488 2783 520 2804 η.
