1881 2985
313 165 645 202 FRIENDSHIP
682 165 947 202 BETWEEN
984 164 1117 200 RICH
1155 166 1268 199 AND
1307 166 1447 202 POOR
1579 178 1643 213 197

117 282 254 323 distat
271 295 297 322 a
314 281 392 322 tali
409 295 580 323 amore.
615 281 706 336 Qui
727 282 846 322 enim
867 294 1047 333 semper
1060 288 1237 334 oportet
1255 282 1458 335 accipere
1479 292 1520 325 et
1543 298 1641 327 raro

120 347 193 388 uel
217 360 452 400 nunquam
477 355 623 401 potest
644 348 762 397 dare,
782 347 946 388 mirum
970 354 1086 388 esset
1106 349 1144 389 si
1167 348 1363 389 amicum
1388 348 1571 390 haberet
1595 350 1640 389 in

116 403 209 468 quo
246 414 291 454 in
330 414 545 456 omnibus
581 414 807 456 confidere
844 421 1011 468 posset.
1091 414 1165 456 Ab
1203 414 1307 456 aliis
1340 428 1453 469 ergo
1487 428 1640 456 amore

116 479 237 520 fideli
271 479 494 534 indignus
524 480 771 529 estimatus,
799 481 1033 522 Christum
1064 480 1207 522 fidum
1237 480 1371 522 habet
1403 481 1631 522 amicum:

113 545 171 585 ab
196 545 297 599 ipso
319 545 587 588 fiducialiter
608 554 729 601 petat
753 548 970 602 quicquid
991 547 1116 589 uelit.
1181 547 1275 590 Ubi
1296 549 1417 590 enim
1440 549 1640 590 humana

114 612 279 652 desunt
314 613 496 662 auxilia,
532 615 630 655 sine
666 615 810 656 dubio
844 622 1003 656 assunt
1039 615 1214 656 diuina.
1278 615 1451 658 Utilius
1488 624 1638 657 tamen

116 677 229 718 foret
266 678 397 720 diuiti
435 680 473 721 si
505 688 711 722 sanctum
746 695 991 735 pauperem
1022 682 1208 737 eligeret
1244 682 1331 725 sibi
1367 683 1564 724 amicum
1598 690 1640 723 et

116 745 372 797 specialem,
410 747 482 788 cui
521 748 855 790 communicare
889 749 1023 789 uellet
1061 749 1216 790 omnia
1255 763 1342 804 que
1380 749 1565 790 haberet
1597 756 1639 789 et

114 810 305 852 libenter
344 812 571 861 tribueret,
614 814 755 855 eciam
797 815 1042 868 plusquam
1082 828 1257 869 pauper
1298 815 1371 856 ille
1409 815 1557 864 uellet,
1597 823 1641 857 et

113 877 322 932 diligeret
355 879 506 933 ipsum
531 879 826 922 affectualiter
854 888 1072 936 tanquam
1101 883 1326 935 optimum
1360 890 1402 923 et
1435 882 1639 939 gratissi-

113 958 238 1004 mum
270 946 484 987 amicum.
551 947 660 988 Ideo
691 947 903 989 Christus
932 948 1058 996 dixit,
1089 948 1241 990 Facite
1273 949 1406 990 uobis
1433 950 1638 998 amicos,1

113 1011 270 1066 utique
299 1019 480 1054 sanctos
516 1027 754 1067 pauperos,
788 1015 1062 1069 intelligens,
1099 1016 1176 1070 qui
1210 1024 1317 1057 sunt
1351 1017 1485 1057 amici
1525 1016 1636 1066 Dei3

112 1086 154 1119 et
178 1079 369 1120 libenter
392 1080 468 1121 dat
495 1080 623 1122 Deus
643 1081 762 1122 ueris
784 1081 1077 1123 dilectoribus
1096 1082 1254 1123 talium
1278 1095 1533 1136 pauperum
1555 1094 1640 1136 pro

109 1159 264 1187 amore
290 1146 469 1187 illorum
496 1147 694 1200 paradisi
722 1148 959 1202 gaudium.
1026 1147 1204 1190 Estimo
1227 1149 1347 1190 enim
1376 1149 1499 1204 quod
1526 1148 1639 1189 tales

111 1212 276 1254 diuites
310 1214 424 1255 bene
454 1215 739 1267 placerentur
771 1215 826 1256 de
853 1215 1060 1256 amicicia
1091 1229 1186 1264 sua,
1215 1216 1294 1257 sed
1324 1229 1447 1258 nunc
1478 1230 1636 1257 uerum

108 1287 174 1321 est
198 1279 310 1321 illud
336 1281 570 1321 metricum
598 1280 812 1322 “Pontus
836 1281 917 1322 erit
945 1282 1095 1324 siccus
1119 1295 1222 1323 cum
1252 1295 1427 1336 pauper
1453 1283 1638 1324 habebit

110 1347 360 1388 amicum.''
456 1348 617 1389 Inueni
670 1349 791 1389 enim
845 1348 1068 1403 quosdam
1120 1349 1287 1390 diuites
1338 1348 1416 1404 qui
1467 1348 1637 1390 sanctis

109 1416 402 1468 pauperibus,
426 1423 475 1456 ut
496 1416 583 1469 ipsi
606 1416 841 1470 putabant,
867 1416 1028 1457 dantes
1050 1416 1235 1465 uictum,
1264 1416 1506 1456 noluerunt
1530 1415 1636 1456 dare

110 1483 323 1523 uestitum
365 1484 436 1523 uel
475 1483 565 1523 alia
605 1483 869 1531 necessaria,
910 1483 1172 1525 estimantes
1211 1483 1321 1524 satis
1356 1495 1454 1524 esse
1485 1482 1524 1523 si
1563 1480 1635 1522 uel

108 1549 260 1590 cibum
293 1549 512 1593 dederint.
548 1558 589 1590 et
621 1550 685 1591 sic
718 1550 889 1591 faciunt
917 1550 1005 1592 sibi
1036 1551 1210 1591 amicos
1240 1550 1530 1603 semiplenos,
1563 1549 1634 1590 uel

104 1628 187 1669 pro
220 1623 346 1669 parte
374 1616 528 1671 aliqua
558 1630 649 1657 non
680 1617 784 1671 plus
816 1625 1027 1659 curantes
1056 1617 1113 1658 de
1143 1617 1349 1658 amicicia
1380 1630 1633 1671 pauperum

108 1684 346 1732 bonorum,
386 1698 522 1739 quam
561 1685 797 1726 malorum.
877 1685 933 1726 Et
971 1693 1133 1727 cuncta
1171 1699 1258 1740 que
1294 1685 1446 1726 danda
1484 1690 1634 1725 essent

106 1751 299 1793 alicuius
330 1752 468 1805 precii
495 1752 582 1793 sibi
614 1760 679 1793 est
711 1752 817 1794 filiis
847 1753 943 1794 suis
975 1761 1218 1804 reseruant‚
1251 1760 1293 1793 et
1321 1753 1386 1795 sic
1410 1764 1635 1806 pauperes

107 1819 250 1860 sancti
275 1818 365 1860 illis
384 1819 582 1873 amplius
604 1833 694 1861 non
716 1827 937 1869 tenentur,
962 1820 1049 1861 nisi
1074 1821 1191 1862 sicut
1211 1820 1313 1861 aliis
1337 1819 1633 1861 benefactori-

107 1885 195 1926 bus
214 1886 311 1927 suis
332 1886 409 1940 qui
432 1888 754 1928 uestimentum
773 1887 845 1928 uel
865 1887 1039 1941 aliquid
1062 1887 1149 1927 tale
1169 1887 1399 1935 dederint3
1432 1892 1486 1934 et,
1510 1884 1633 1938 quod

106 1951 237 2005 peius
264 1959 342 2000 est,
368 1953 636 2008 plerumque
664 1953 843 1995 onerosi
874 1953 1087 1994 uidentur
1114 1966 1338 2007 pauperes
1367 1951 1635 2007 diuitibus]

761 2115 869 2157 CAP.
909 2117 972 2156 18.

109 2228 199 2283 (De
228 2228 360 2269 laude
386 2236 427 2269 et
451 2228 648 2270 efficacia
672 2230 882 2277 caritatis,
911 2237 953 2270 et
983 2229 1038 2270 de
1069 2230 1379 2271 renunciando
1407 2228 1562 2271 seculo
1589 2234 1632 2270 et

517 2295 589 2337 uie
618 2295 890 2350 pentitencie
917 2295 1213 2350 arripienda.)

165 2394 345 2436 Caritas
386 2395 544 2450 regina
582 2396 814 2444 uirtutum,
857 2396 987 2438 stella
1030 2396 1347 2450 pulcherrima,
1389 2397 1523 2438 decor
1564 2401 1631 2436 est
1652 2398 1677 2432 f.
1697 2398 1760 2432 3212

106 2461 257 2502 anime
281 2475 368 2516 que
392 2461 474 2503 hec
496 2463 650 2503 omnia
673 2463 779 2505 facit
801 2463 845 2503 in
867 2463 1044 2512 anima3
1081 2463 1263 2512 scilicet,
1287 2462 1495 2504 uulnerat
1516 2474 1630 2509 earn,

109 2527 375 2582 languidam
402 2528 520 2576 facit,
549 2529 740 2570 inebriat
766 2537 808 2571 et
832 2529 1063 2584 liquefacit
1084 2543 1136 2571 ac
1162 2530 1355 2577 decorat,
1382 2527 1562 2569 letificat
1588 2533 1630 2567 et

109 2594 373 2643 inflammat,
410 2596 540 2636 cuius
568 2603 696 2638 actus
730 2597 967 2638 ordinatus
1002 2604 1043 2637 et
1079 2596 1262 2638 habitus
1294 2601 1515 2636 uenustus
1545 2598 1628 2633 est.

172 2704 199 2734 1.
233 2702 318 2736 Luc.
362 2704 412 2743 16,
437 2703 466 2735 9.
