1809 3036
348 213 704 251 CONCERNING
734 213 1049 250 BRIGITTINE
1076 214 1133 248 IN
1137 213 1358 251 DULGEN
1364 215 1460 251 CES
1603 225 1668 260 135

143 334 323 380 cupato,
359 341 439 381 per
470 328 656 370 modurn
688 328 1069 370 constitucionum
1100 328 1317 370 ratificata
1342 338 1383 370 et
1415 330 1668 382 approbata

145 395 292 446 fuerit,
324 403 459 450 prout
484 397 539 437 de
563 397 974 438 constitucionibus
998 395 1261 438 huiusmodi
1292 397 1456 438 dicitur
1487 398 1668 451 plenius

144 471 364 515 constare,
396 464 476 505 sed
502 465 608 519 quia
637 472 837 518 ternpore
865 464 1065 519 pestiferi
1095 465 1322 507 scismatis
1347 465 1599 518 approbata
1626 473 1668 506 et

146 532 362 573 ratificata
393 532 492 583 fuit,
528 533 646 573 idem
680 547 755 574 rex
782 535 839 575 ab
868 533 1041 575 intimis
1067 533 1220 574 cordis
1249 533 1307 574 ad
1337 533 1667 574 obstruendum

143 613 221 640 ora
257 600 545 654 loquencium
584 601 738 642 omnia
776 602 996 655 premissa
1031 601 1294 642 auctoritate
1329 601 1579 654 apostolica
1612 601 1668 641 de

147 680 268 707 nouo
311 667 514 708 ratificati
555 675 596 708 et
630 668 869 721 approbati
904 668 1143 719 desiderat,
1181 682 1264 721 pro
1300 674 1426 722 parte
1465 667 1668 709 eiusdem

151 734 339 776 Henrici
372 735 520 790 Regis
549 736 775 776 sanctitati
801 742 948 777 uestre
978 735 1209 776 humiliter
1239 744 1280 777 et
1311 736 1475 777 deuote
1498 735 1672 788 suppli-

146 809 286 853 catur,

203 877 429 924 quatenus
455 870 657 924 regulam
684 871 931 924 predictam
959 871 1082 911 iuxta
1105 870 1481 912 constitucionem
1506 872 1667 923 ipsam,

148 952 324 979 necnon
351 939 507 979 omnia
534 946 576 980 et
606 939 792 996 singula
821 939 1151 990 concessiones,
1186 939 1428 989 libertates,
1460 939 1671 980 immuni-

146 1013 273 1057 tates,
288 1006 619 1061 indulgencias‚
634 1007 891 1061 priuilegia,
908 1006 1082 1047 indulta
1099 1014 1235 1060 atque
1256 1008 1573 1059 exempciones
1594 1018 1674 1061 per

148 1089 460 1130 quoscumque
484 1075 723 1117 Romanos
742 1075 981 1129 pontifices
999 1082 1077 1116 aut
1100 1090 1182 1129 pro
1204 1075 1429 1116 Romanis
1449 1074 1672 1130 pontifici-

148 1144 234 1185 bus
259 1157 307 1185 se
334 1151 557 1198 gerentes,
587 1157 665 1185 seu
692 1144 855 1199 quauis
881 1143 997 1184 alios
1024 1151 1065 1183 et
1095 1157 1381 1198 quacumque
1408 1143 1673 1184 auctoritate

148 1225 390 1254 concessos
410 1226 487 1253 seu
514 1225 742 1262 concessa,
770 1212 959 1265 predicti
986 1212 1158 1253 ordinis
1186 1211 1474 1252 monasteriis
1497 1218 1538 1251 et
1564 1210 1675 1251 locis

149 1280 425 1334 ubicumque
450 1280 710 1321 constitutis
735 1294 927 1336 quorum
961 1286 1139 1321 tenores
1168 1279 1383 1333 dignetur
1409 1279 1481 1320 hic
1510 1279 1674 1319 habere

149 1362 232 1402 pro
284 1348 558 1390 sufficienter
610 1362 662 1389 ac
715 1349 993 1389 uerbotenus
1059 1347 1254 1398 insertis,
1319 1355 1361 1388 et
1428 1361 1514 1401 que
1583 1353 1673 1386 tam

149 1416 303 1471 regule
338 1430 473 1471 quam
509 1416 920 1457 constitucionibus
953 1416 1097 1469 ipsius
1128 1416 1304 1457 ordinis
1332 1416 1477 1457 sancti
1512 1414 1672 1456 Salua-

149 1483 259 1524 toris
284 1483 533 1536 nuncupati
558 1496 649 1524 non
676 1483 865 1524 obuiant
890 1496 968 1524 seu
996 1495 1206 1535 expresse
1232 1496 1322 1523 non
1348 1482 1671 1532 contradicent,

147 1552 204 1592 de
229 1565 352 1593 nouo
381 1558 423 1592 et
454 1551 770 1592 munificencia
798 1551 1047 1604 apostolice
1073 1551 1195 1592 sedis
1225 1558 1361 1605 atque
1390 1550 1674 1604 plenitudine

149 1619 384 1672 potestatis
422 1618 639 1659 ratificare
671 1625 713 1658 et
749 1619 940 1672 probare
976 1625 1112 1672 atque
1150 1632 1204 1658 ex
1240 1624 1359 1659 certa
1394 1617 1589 1659 sciencia
1619 1630 1674 1657 ex

149 1685 334 1740 speciali
362 1686 515 1740 gracia
544 1685 834 1735 confirmare;
866 1698 1041 1726 necnon
1072 1685 1226 1726 omnia
1258 1693 1299 1725 et
1325 1684 1510 1738 singula
1536 1684 1675 1738 priui-

148 1754 280 1809 legia,
318 1754 506 1802 indulta,
539 1754 778 1801 libertates,
813 1753 1134 1801 immunitates,
1172 1753 1502 1807 indulgencias‚
1538 1759 1674 1806 atque

149 1821 468 1875 exempciones
495 1821 757 1862 huiusmodi
785 1821 933 1861 ordini
959 1820 1057 1861 siue
1084 1821 1372 1862 monasteriis
1398 1827 1439 1860 et
1469 1820 1593 1870 locis,
1623 1833 1676 1860 ac

148 1890 355 1943 personis
374 1889 480 1930 dicti
502 1889 677 1930 ordinis
697 1902 1089 1943 quorumcumque
1108 1888 1372 1929 auctoritate
1391 1901 1469 1930 seu
1488 1888 1674 1942 quibus-

150 1970 343 2011 cumque
371 1956 715 1997 auctoritatibus
744 1955 917 1996 indulta
942 1955 1014 1996 uel
1041 1954 1339 2009 indulgenda,
1366 1955 1424 1996 ad
1451 1954 1605 1995 omnia
1632 1961 1675 1993 et

148 2025 333 2080 Singula
373 2025 519 2078 ipsius
557 2024 731 2065 ordinis
764 2037 997 2078 personas,
1039 2023 1136 2064 loca
1173 2031 1214 2064 et
1252 2022 1541 2074 monasteria,
1583 2029 1673 2062 tarn

150 2093 340 2134 fundata
368 2100 410 2134 et
439 2100 582 2134 erecta
610 2106 746 2147 quam
777 2092 1013 2133 fundanda
1037 2099 1078 2132 et
1103 2091 1335 2146 erigenda,
1365 2090 1604 2132 extendere
1633 2098 1675 2130 et

148 2162 366 2214 ampliare
399 2161 655 2216 dignemini
684 2161 739 2201 de
772 2161 926 2215 gracia
958 2160 1157 2213 speciali,
1191 2159 1601 2201 constitucionibus
1633 2165 1674 2198 et

149 2229 524 2270 ordinacionibus
565 2228 844 2281 apostolicis,
890 2240 1064 2267 necnon
1113 2227 1259 2280 ipsius
1301 2226 1476 2268 ordinis
1520 2225 1676 2279 regula

151 2304 318 2339 statuta
346 2304 388 2337 et
416 2304 661 2338 consuetus
686 2303 727 2336 et
754 2296 856 2336 aliis
884 2295 1122 2337 contrariis
1146 2309 1237 2336 non
1266 2295 1556 2336 obstantibus
1585 2293 1677 2348 qui-

151 2365 449 2419 buscumque,
480 2372 521 2405 et
546 2378 648 2406 curn
671 2363 888 2405 clausulis
908 2363 1165 2416 oportunis.

212 2433 324 2473 Item
374 2446 456 2486 pro
504 2440 704 2485 tempore
756 2433 901 2485 ipsius
953 2430 1140 2472 Henrici
1190 2431 1310 2485 regis
1359 2430 1589 2472 humiliter
1634 2437 1677 2470 et

153 2502 315 2542 deuote
333 2501 629 2554 supplicatur,
654 2508 879 2555 quatenus
898 2500 1115 2542 omnibus
1133 2507 1175 2540 et
1192 2499 1392 2554 singulis
1409 2497 1677 2540 confessori-

154 2571 241 2612 bus
301 2576 343 2610 et
395 2569 639 2620 abbatisse,
703 2582 878 2610 necnon
939 2568 1085 2622 ipsius
1143 2568 1319 2609 ordinis
1372 2567 1578 2621 patribus
1634 2572 1676 2605 et

153 2638 374 2679 matribus
402 2638 447 2678 in
476 2638 716 2692 quibusuis
744 2637 1029 2678 monasteriis
1053 2637 1151 2678 siue
1179 2636 1289 2677 locis
1311 2634 1569 2677 constitutis
1594 2646 1678 2687 pro

152 2713 354 2758 tempore
403 2704 714 2752 existentibus,
763 2704 1003 2745 accedente
1051 2711 1200 2744 tamen
1251 2715 1441 2743 assensu
1490 2713 1676 2742 suorum

153 2779 477 2819 conuentuum,
506 2771 713 2813 uidelicet
741 2770 1117 2812 monasteriorum
1141 2777 1183 2810 et
1206 2769 1405 2810 locorum
1435 2768 1480 2808 in
1510 2767 1679 2822 quibus
